2725 4650
628 318 711 383 10
1434 332 1732 392 ANDRIA
2518 338 2558 408 1,
2576 340 2603 394 1

1341 991 1712 1073 AOTVS
1758 992 1822 1073 I.

1271 1159 1319 1225 S
1339 1185 1365 1225 1
1380 1184 1426 1224 11
1443 1183 1482 1226 o
1638 1159 1687 1227 S
1708 1183 1745 1225 o
1766 1182 1797 1225 s
1814 1182 1895 1227 1A

1274 1276 1466 1320 senex
1613 1276 1901 1319 mnnmvs

618 1388 711 1456 S1.
783 1390 918 1457 Vos
950 1390 1144 1456 istaec
1177 1390 1342 1455 intro
1379 1390 1648 1456 auferte:
1686 1390 1875 1457 abite.
1912 1427 1996 1437 —
2032 1390 2237 1469 Sdsia,
2552 1414 2625 1465 1,1

784 1484 964 1549 Ades
999 1485 1178 1549 dum:
1215 1484 1435 1571 paucis
1470 1486 1532 1549 te
1567 1485 1733 1549 uolo·
1822 1482 1932 1550 So.
2021 1484 2283 1551 Dictum
2315 1498 2493 1572 puta:

515 1590 580 1646 :30
785 1578 1031 1664 Nempe
1065 1579 1136 1643 ut
1169 1590 1467 1644 curentur
1501 1580 1668 1643 reete
1704 1577 1897 1643 haee?
1970 1577 2060 1645 S1.
2109 1580 2313 1644 Imu10
2350 1582 2535 1647 aliud.

1458 1670 1567 1738 So.
1642 1670 1818 1752 Quid
1853 1682 1967 1749 est,

785 1764 977 1846 Quod
1011 1765 1124 1831 tibi
1159 1788 1304 1832 mea
1337 1788 1439 1831 ars
1475 1765 1723 1831 efficere
1759 1765 1880 1830 hoe
1914 1764 2117 1851 possit
2150 1766 2457 1852 emplius?

617 1858 709 1926 S1.
778 1858 888 1925 Nil
921 1859 1078 1925 istae
1114 1881 1272 1945 opus
1309 1871 1406 1926 est
1440 1858 1574 1926 erte
1610 1859 1692 1923 ad
1728 1858 1892 1925 hane
1926 1881 2080 1937 rem,
2120 1861 2311 1944 quem
2345 1864 2543 1947 paro,'
2589 1880 2616 1922 5

786 1951 917 2019 Sed
951 1955 1040 2018 eis
1076 1975 1233 2038 quas
1271 1976 1522 2039 semper
1552 1955 1621 2018 in
1655 1964 1718 2020 te
1752 1952 2033 2019 intellexi
2068 1954 2238 2031 sitas,

781 2047 943 2112 Fide
978 2049 1042 2112 et
1075 2047 1517 2115 taciturnitate.
1608 2046 1718 2113 So·
1806 2046 2096 2133 Expecto
2130 2048 2285 2132 quid
2320 2049 2499 2115 uelis.

511 2150 581 2205 35
616 2140 708 2207 S1.
778 2140 923 2228 Ego
956 2141 1293 2227 pbstquam
1328 2153 1391 2209 te
1428 2142 1573 2219 emi,
1608 2166 1647 2207 a
1680 2141 1941 2227 pziruolo
1977 2153 2049 2207 ut
2086 2144 2337 2227 semper
2370 2144 2486 2207 tibi

780 2235 978 2321 Apud
1011 2259 1113 2302 me
1147 2236 1313 2302 iusta
1346 2248 1411 2302 et
1443 2236 1717 2303 clemens
1752 2236 1945 2301 fuerit
1978 2236 2267 2313 seruituS,

785 2328 946 2397 Seis.
1015 2330 1138 2397 feei
1173 2353 1252 2397 ex
1286 2352 1471 2396 seruo
1507 2342 1578 2396 ut
1611 2333 1779 2396 esses
1815 2330 2076 2397 libertus
2110 2329 2285 2408 mihi,
2576 2351 2629 2390 ιο

781 2424 1128 2511 Propterea
1163 2425 1333 2509 quod
1368 2424 1651 2491 seruibas
1684 2424 2047 2491 Eberffiter:

782 2515 977 2600 Quod
1012 2518 1205 2583 hebui
1240 2540 1558 2583 summum
1591 2517 1883 2603 pretium,
1919 2518 2196 2603 persolui
2230 2516 2366 2582 tibi.

511 2619 581 2674 40
617 2609 729 2678 So.
781 2611 862 2677 In
894 2611 1198 2677 memoria
1230 2611 1453 2678 habeo·
1510 2610 1600 2678 S1.
1667 2611 1864 2676 Haud
1898 2611 2072 2677 muto
2106 2611 2365 2676 factum.
2431 2609 2552 2678 So·

1464 2704 1754 2784 Gaude0‚

785 2799 858 2866 Si
893 2799 1019 2888 tibi
1044 2799 1197 2884 quid
1229 2798 1354 2865 feei
1390 2809 1500 2865 aut
1533 2798 1698 2864 facio
1735 2799 1909 2883 quod
1939 2797 2205 2884 placeat,
2246 2799 2452 2876 Simo,

781 2893 868 2957 Et
900 2893 967 2957 id
1001 2895 1251 2979 gnitum
1285 2893 1482 2959 fuisse
1518 2893 1860 2959 aduersum
1894 2903 1957 2958 te
2001 2891 2205 2958 habeo
2246 2893 2554 2978 gretiam.
2587 2913 2645 2955 15

781 2985 914 3053 Sed
948 2985 1068 3052 hoe
1101 2987 1257 3051 mihi
1292 2988 1714 3064 molestumst3
1749 3009 1898 3052 nam
1931 2987 2127 3054 istaec
2162 3008 2562 3052 commemo-

1457 3081 1616 3146 nitio

782 3175 985 3257 Quasi
1019 3176 1481 3262 exprobratidst
1513 3176 1847 3242 inmemori
1882 3174 2165 3240 benefici.

509 3281 578 3336 45
783 3267 957 3349 Quin
991 3279 1061 3333 tu
1094 3271 1222 3334 uno
1255 3271 1453 3336 uerbo
1490 3269 1610 3346 die,
1648 3268 1802 3353 quid
1836 3280 1933 3333 est
1964 3268 2137 3352 quod
2171 3269 2272 3332 me
2308 3269 2525 3334 uelis?

614 3362 706 3429 81.
775 3362 877 3428 Ita
910 3362 1158 3428 fzieiam.
1229 3361 1351 3429 hoe
1384 3361 1657 3448 primum
1691 3363 1759 3427 in
1792 3363 1913 3427 hee
1945 3384 2016 3427 re
2049 3362 2347 3447 praeditae
2386 3362 2551 3428 tibi:

701 3502 710 3510 -
779 3454 958 3539 Quas
993 3457 1194 3522 eredis
1229 3479 1368 3522 esse
1402 3456 1537 3533 has,
1572 3457 1701 3522 nen
1735 3468 1882 3521 sunt
1915 3477 2105 3521 uerae
2140 3455 2426 3541 nuptiae.
2600 3477 2659 3516 20

515 3564 521 3568 ⁴
613 3548 722 3616 So,
777 3548 958 3632 Quor
1001 3550 1256 3615 simulas
1298 3550 1529 3635 igitur?
1616 3548 1709 3616 S1.
1796 3549 1961 3614 Rem
2005 3549 2258 3615 emnem
2292 3572 2333 3614 a
2367 3549 2567 3634 prin-

1450 3643 1613 3730 cipio
1648 3643 1894 3710 audies:

777 3738 876 3802 Eo
910 3740 1096 3824 paeto
1132 3747 1194 3804 et
1227 3737 1408 3824 gnati
1441 3741 1639 3802 uitam
1673 3750 1735 3804 et
1772 3737 2100 3804 eonsilium
2135 3761 2353 3804 meum

505 3843 575 3896 50
780 3831 1144 3918 Cogndsees
1180 3842 1244 3897 et
1278 3831 1434 3916 quid
1465 3830 1673 3897 fecere
1706 3833 1773 3896 in
1808 3832 1928 3898 hae
1961 3855 2030 3898 re
2066 3833 2128 3897 te
2162 3831 2379 3897 uelim.

775 3926 942 3991 Nam
985 3927 1038 3991 is
1080 3926 1417 4012 pbstquam
1462 3925 1729 3992 excessit
1772 3928 1853 3990 ex
1889 3925 2147 4012 ephebis
2186 3923 2440 4012 [Sosia‚
2501 3939 2577 3993 et.

775 4021 1072 4086 Liberius
1106 4020 1367 4086 uiuendi
1400 4019 1519 4084 fuit
1552 4017 1891 4105 potestas],
1929 4020 2103 4101 (nam
2139 4020 2327 4086 Antea

778 4113 910 4199 Qui
946 4115 1103 4181 seire
1137 4135 1354 4200 posses
1393 4115 1501 4180 aut
1533 4113 1858 4200 ingenium
1893 4115 2181 4194 miscere,
