2725 4650
144 369 230 442 1v,
250 372 296 428 5:
320 371 351 428 6
700 370 1072 431 HEAVTON
1105 369 1659 432 'rmonMENOS
2049 355 2140 428 85

351 518 355 526 ’
380 495 445 561 N
444 519 527 561 on
551 497 672 584 ego
700 497 987 563 dicebam
1010 499 1079 562 in
1104 499 1476 584 perpetuom
1511 508 1585 562 ut
1608 497 1785 563 illam
1806 494 1910 563 illi
1933 498 2136 576 dares,

382 591 625 656 Verum
657 593 731 656 ut
765 592 1113 656 simulares.
1203 589 1324 657 Cn.
1377 590 1521 656 Non
1555 603 1756 658 meast
1790 592 2134 659 simulatio:

161 699 205 740 ³⁵
380 683 481 750 Ita
512 694 583 749 tu
614 689 811 751 istaec
844 696 956 750 tua
988 685 1269 764 misceto,
1304 708 1386 750 ne
1419 707 1530 750 me⁴
1558 686 1924 751 admisceas.

378 777 568 864 Egon
602 783 753 864 quoi
786 780 1047 844 daturus
1081 780 1207 845 non
1242 802 1405 857 sum,
1443 790 1516 844 ut
1547 779 1608 845 ei
1641 779 2104 865 despondeam?

224 868 320 938 Sy.
382 870 757 939 Credebam.
820 871 941 938 Cn.
976 873 1289 938 Minume.
1343 871 1453 939 Sr.
1491 870 1667 939 Scite
1691 883 1940 959 poterat
1964 873 2134 951 fieri3
2170 880 2272 936 785

378 965 464 1030 Et
499 989 619 1052 ego
654 968 795 1044 hoc,
830 967 981 1051 quia
1016 966 1259 1032 dudum
1290 966 1362 1031 tu
1396 976 1570 1031 tanto
1605 989 1794 1058 opere
1825 969 2133 1044 suaseras,

376 1057 475 1124 Eo
495 1060 693 1146 coepi.
748 1057 869 1125 Cn.
896 1057 1127 1126 Credo,
1182 1057 1289 1126 ΒΥ.
1320 1057 1626 1126 Getarum
1641 1060 1933 1145 equidem
1951 1061 2132 1139 istuc,

314 1171 317 1178 '
490 1183 502 1188 ·
629 1227 635 1233 ⁸
1050 1152 1379 1232 Chremes,

156 1261 199 1302 40
374 1247 591 1332 Aequi
622 1247 899 1330 bonique
932 1246 1117 1312 facio.
1198 1245 1319 1312 Cn.
1373 1247 1576 1334 Atqui
1609 1268 1802 1332 quam
1835 1251 2132 1313 maxume

371 1341 539 1408 Volo
572 1343 635 1407 te
670 1341 820 1406 dare
855 1363 1110 1428 operam
1143 1352 1215 1406 ut
1246 1341 1384 1420 fiat,
1419 1364 1645 1407 uerum
1679 1342 1803 1406 alia.
1835 1343 1964 1408 uia.

218 1432 317 1502 Sr.
376 1435 543 1514 Fiat,
580 1445 923 1519 quaeratur
952 1436 1211 1521 aliquid.
1282 1435 1396 1501 sed
1428 1436 1586 1501 illud
1622 1436 1794 1519 quod
1827 1437 1948 1502 tibi
2155 1443 2270 1499 ’790

371 1529 529 1594 Dixi
565 1530 643 1594 de
678 1541 962 1615 argento,
999 1529 1171 1613 quod
1204 1530 1326 1594 ista
1360 1523 1550 1595 debet
1583 1530 1912 1608 Bacchidi,

372 1622 451 1688 Id
482 1624 657 1688 nl'mc
688 1624 1139 1689 reddendumst
1170 1623 1290 1688 illi:
1326 1645 1536 1709 neque
1568 1634 1640 1688 tu
1676 1625 1912 1690 scilicet

146 1732 191 1772 45
368 1717 532 1782 Illuc
568 1717 925 1803 confugies:
963 1717 1148 1801 ‘quid
1180 1718 1361 1782 mea?
1394 1739 1551 1782 num
1584 1717 1740 1783 mihi
1761 1717 2088 1784 datumst?

370 1811 543 1876 Num
577 1811 767 1876 iussi?
801 1834 957 1890 num
989 1811 1099 1876 illa
1133 1814 1550 1898 oppignerare
1584 1812 1785 1877 filiam

366 1906 589 1970 Meam
621 1927 726 1970 me
758 1905 959 1969 inuito
994 1905 1263 1991 potuit?
1308 1927 1534 1970 uerum
1576 1906 1754 1985 illud,
1801 1904 2128 1982 Chremes,
2164 1913 2266 1967 795

366 1998 635 2064 Dicunt:
665 1994 801 2064 ‘ius
835 2021 1152 2064 summum
1188 2001 1378 2086 saepe
1413 2011 1718 2064 summast
1751 1995 2024 2064 malitia.³

211 2090 320 2157 Cn.
338 2113 345 2120 ·
366 2093 565 2158 Haud
607 2092 857 2158 faciam.
946 2091 1057 2159 Sr.
1110 2091 1317 2158 Immo
1354 2093 1492 2158 aliis
1537 2095 1592 2158 si
1633 2093 1798 2170 licet,
1843 2094 1959 2158 tibi
1999 2095 2129 2158 non

142 2296 187 2337 50
368 2279 615 2346 Omnes
650 2290 713 2346 te
745 2279 814 2345 in
847 2280 1022 2346 lauta
1042 2187 1189 2347 1ἑὲξέ
1199 2234 1274 2345 et
1307 2280 1472 2347 bene
1507 2291 1692 2347 aucta
1723 2283 1789 2347 νέ
1820 2289 2064 2367 putant.

210 2371 320 2439 Cn.
365 2373 541 2457 Quin
584 2376 837 2460 egomet
877 2374 1005 2439 iam
1041 2375 1322 2533 ffliiupnam
1368 2374 1669 2441 deferam.
1758 2374 1869 2442 Sr.
1923 2376 2126 2440 Immo

361 2561 525 2627 Iube
559 2562 785 2647 potius.
852 2560 971 2627 Cn.
1010 2560 1226 2644 Quam
1260 2563 1343 2628 ob
1377 2564 1550 2630 rem?
1607 2562 1718 2630 Sr.
1755 2561 1928 2645 Quia
1958 2562 2125 2627 enim
2159 2568 2262 2623 800

1036 2657 1101 2721 in
1138 2680 1284 2722 eum
1318 2657 1654 2743 suspiciost
2091 2718 2096 2721 .

361 2749 700 2815 Translata
750 2750 998 2815 amoris.
1087 2748 1208 2815 Cn.
1280 2750 1458 2833 Quid
1509 2751 1682 2816 tum?
1773 2749 1882 2817 Sr.
1951 2749 2126 2833 Quia

1033 2844 1359 2910 uidebitur

360 2937 577 3023 Magis
610 2937 748 3009 ueri
782 2938 983 3003 simile
1016 2937 1083 3002 id
1118 2940 1276 3015 esse,
1314 2959 1507 3021 quom
1542 2938 1645 3003 hic
1677 2938 1768 3002 illi
1801 2938 2008 3015 dabit3

137 3044 179 3085 ⁵⁵
360 3029 449 3095 Et
484 3031 674 3101 simul
710 3031 1039 3097 conficiam
1072 3031 1319 3097 facilius
1355 3054 1476 3118 ego
1511 3032 1686 3117 quod
1717 3032 1885 3097 uolo.

360 3124 508 3210 Ipse
535 3125 695 3189 adeo
722 3125 928 3189 adest:
956 3125 1082 3202 abi,
1108 3124 1280 3191 ecfer
1305 3137 1658 3212 argentum.
1713 3124 1834 3192 Cn.
1867 3110 2118 3194 chero.
2222 3130 2232 3176 ἓ

750 3311 1165 3379 Cmmrno
1297 3312 1568 3381 Sravs

762 3419 1149 3464 Anvmscnns
1309 3421 1536 3478 suavos

113 3507 198 3561 me
206 3496 321 3563 Cn.
358 3500 611 3565 Nullast
644 3508 774 3564 tam
808 3500 1011 3565 facilis
1044 3502 1165 3577 res,
1202 3502 1357 3585 quin
1393 3502 1664 3568 difficilis
1699 3501 1838 3579 siet,
2151 3506 2256 3563 805

362 3592 572 3674 Quom
608 3594 846 3658 inuitus
879 3594 1095 3659 facias.
1165 3596 1269 3659 uel
1304 3618 1409 3661 me
1443 3596 1600 3661 haec
1634 3596 2081 3675 deambulatio,

362 3687 575 3769 Quam
609 3688 736 3752 non
769 3687 1111 3765 laboriosa,
1148 3689 1231 3753 ad
1264 3690 1636 3776 languorem
1671 3690 1862 3756 dedit.

353 3781 491 3849 Nec
526 3784 866 3865 quicquam
900 3782 1105 3868 magis
1138 3805 1309 3848 nunc
1342 3786 1557 3849 metuo
1584 3805 1777 3867 quam
1802 3808 1884 3849 ne
1909 3784 2116 3850 denuo

144 3886 167 3927 ὁ
356 3874 559 3940 Miser
592 3875 805 3958 aliquo
841 3877 1141 3941 extrudar
1173 3876 1340 3955 hinc,
1385 3900 1466 3942 ne
1501 3878 1797 3943 accedam
1833 3879 1915 3943 ad
1949 3879 2115 3944 Bac-

894 3976 902 3984 ‘
1029 3970 1297 4036 chidem.

356 4062 444 4131 Vt
511 4063 574 4127 te
644 4062 899 4151 quidem
960 4063 1025 4128 di
1085 4064 1369 4148 deaeque
1439 4087 1656 4133 omnes
1727 4066 2111 4153 quantumst,
2147 4073 2251 4131 810

918 4210 929 4219 ,
1030 4156 1215 4247 Syre,
