2725 4650
111 321 190 391 11,
211 323 250 377 2
995 320 1405 380 EVNVCHVS
2018 398 2023 402 ι
2041 308 2160 373 111

135 462 190 501 20
403 442 735 529 Quidquid
789 444 1034 521 dicunt,
1095 443 1286 509 laudo
1297 468 1316 520 3
1377 442 1444 508 id
1502 464 1751 507 rursum
1802 445 1859 507 si
1903 454 2162 529 negant,

1035 612 1042 619 ι
1074 537 1264 619 laudo
1297 538 1367 601 id
1400 558 1653 622 quoque
1662 562 1681 614 3

401 631 618 718 Negat
659 631 830 715 quis:
882 653 1080 717 nego;
1144 640 1256 695 a‘itz
1310 630 1439 709 ai03
1490 642 1806 716 postremo
1854 630 2162 716 imperaui

1073 726 1324 811 egomet
1359 724 1515 789 mihi

401 796 641 884 Omnia
693 817 1031 885 adsentari.
1119 818 1174 883 is
1233 828 1533 902 quaestus
1592 818 1763 885 nunc
1813 829 1910 884 est
1960 818 2160 885 multo

1075 910 1473 977 uberrimus?
1520 978 1525 987 ,

217 1004 348 1070 ΡΑ.
396 1004 641 1071 Scitum
675 1005 890 1072 hercle
921 1004 1268 1071 hominem!
1306 1004 1411 1071 hie
1444 1004 1728 1071 homines
1754 1028 2041 1092 prorsum
2077 1030 2157 1073 ex

1076 1098 1282 1164 stultis
1315 1099 1571 1165 insanos
1606 1098 1777 1164 facit.
2210 1155 2221 1163 .

221 1190 356 1257 Gn,
400 1191 580 1257 Dum
632 1192 790 1259 haec
840 1191 1180 1277 loquimur,
1231 1192 1473 1258 interea
1521 1193 1643 1258 loci
1695 1192 1777 1258 ad
1823 1193 2155 1258 macellum
2188 1197 2293 1252 255

1071 1286 1185 1350 ubi
1219 1286 1659 1365 aduentamus,

132 1396 190 1437 25
398 1376 801 1445 Concurrunt
843 1380 996 1445 laeti
1035 1380 1126 1445 mi
1161 1380 1418 1445 obuiam
1452 1380 1883 1466 cuppedinarii
1917 1383 2154 1457 omnes,

395 1471 656 1551 cetarii,
689 1473 861 1550 lanii,
898 1474 1106 1557 coqui,
1144 1473 1431 1551 fartores,
1465 1474 1827 1560 piscatores,

361 1564 651 1647 ‘Quibus
697 1570 762 1632 et
801 1588 870 1633 re
916 1568 1095 1633 salua
1139 1577 1202 1632 et
1235 1568 1482 1657 perdita
1514 1567 1875 1654 profueram
1917 1578 1979 1632 et
2011 1590 2155 1653 pro-

308 1662 314 1665 ’
1073 1684 1215 1725 sum
1251 1664 1467 1748 saepe:

397 1752 721 1833 Salutant,
782 1754 866 1822 ad
926 1757 1147 1820 cenam
1207 1765 1467 1833 uocant,
1536 1755 1881 1820 aduentum
1939 1765 2156 1839 gratu-

1069 1848 1298 1913 lantur.

393 1943 512 2009 me
545 1942 658 2008 ubi
691 1942 884 2010 miser
913 1942 1241 2009 famelicus
1275 1941 1451 2008 uidet
1482 1943 1572 2008 mi
1607 1945 1745 2010 esse
1771 1953 2014 2009 tantum
2040 1942 2154 2008 ho·
2186 1947 2291 2003 260

1072 2039 1311 2113 norem,

128 2150 188 2190 30
392 2130 558 2195 Tam
584 2130 774 2198 facile
796 2131 1040 2196 uictum
1065 2132 1395 2217 quaerere:
1424 2127 1575 2217 [ibi]
1603 2128 1793 2196 homo
1820 2130 2026 2217 coepit
2050 2153 2153 2196 me

1070 2224 1425 2301 obsecrare,

391 2319 486 2386 Vt
521 2318 641 2383 sibi
675 2318 891 2385 liceret
925 2318 1166 2384 discere
1198 2318 1267 2384 id
1301 2318 1383 2384 de
1415 2320 1545 2384 me:
1583 2318 1809 2384 sectari
1840 2318 2015 2396 iussi,
2110 2351 2118 2363 ·

312 2467 318 2472 .
391 2411 466 2478 Si
499 2412 664 2498 potis
699 2424 816 2491 est,
851 2423 1176 2496 tamquam
1209 2411 1728 2498 philosophorum
1764 2411 1999 2477 habent
2025 2412 2150 2476 dis-

1064 2507 1332 2592 ciplinae
1370 2529 1462 2572 ex
1482 2507 1635 2592 ipsis

388 2600 740 2677 Vocabula,
777 2601 1037 2687 parasiti
1070 2602 1160 2666 ita
1192 2612 1266 2666 ut
1301 2599 1693 2668 Gnathonici
1724 2603 2047 2665 uocentur.

209 2696 338 2760 ΡΑ.
383 2695 596 2762 Viden
631 2695 828 2760 otium
863 2705 928 2760 et
954 2695 1133 2760 cibus
1159 2694 1312 2778 quid
1337 2693 1492 2759 facit
1520 2693 1798 2759 alienus?
1852 2691 1977 2760 Gn.
2020 2693 2151 2760 Sed
2184 2707 2288 2762 265

1068 2810 1190 2874 ego
1227 2790 1406 2853 cesso

130 2903 186 2944 35
389 2882 500 2948 Ad
533 2882 846 2950 Tha-'idem
889 2882 1055 2948 hanc
1100 2882 1411 2948 deducere
1446 2891 1510 2948 et
1550 2884 1776 2967 rogare
1812 2880 1894 2946 ad
1929 2904 2150 2947 cenam

1063 2987 1135 3040 ut
1169 2976 1423 3042 ueniat?

389 3070 523 3138 Sed
554 3070 1018 3136 Parmenonem
1054 3080 1200 3136 ante
1245 3069 1477 3150 ostium
1518 3071 1629 3134 Ιιοο
1668 3071 1866 3134 antcire
1908 3069 2147 3136 tristem

1059 3165 1268 3242 uidem

385 3260 628 3325 Riualis
664 3282 940 3325 seruom:
979 3259 1159 3325 salua
1191 3281 1294 3324 res
1329 3269 1443 3324 est.
1504 3260 1573 3322 ni
1604 3259 1834 3324 mirum
1862 3258 2146 3325 homines

1061 3352 1315 3439 frigent.

383 3446 786 3514 Nebulonem
819 3447 990 3511 hunc
1020 3456 1321 3512 certumst
1343 3445 1582 3511 ludere.
1643 3444 1762 3509 ΡΑ.
1800 3446 1997 3512 Hisce
2024 3447 2144 3511 hoc

1061 3541 1322 3605 ml'mere
1359 3539 1741 3603 arbitrantur

383 3633 582 3701 Suam
627 3633 938 3698 Thaidem
981 3655 1140 3698 esse.
1229 3630 1354 3699 Gn.
1412 3631 1701 3697 Plurima
1743 3632 1945 3696 salute
1985 3632 2145 3697 Par·
2177 3640 2281 3696 270

1059 3728 1393 3792 menonem

133 3843 187 3880 40
383 3821 720 3888 Summum
778 3843 961 3886 suom
1013 3820 1266 3905 inpertit
1321 3818 1597 3884 Gnatho.
1686 3817 1838 3902 quid
1899 3819 2145 3906 agitur?

123 3935 128 3942 ·
1054 3913 1178 3978 ΡΑ.
1225 3911 1462 3977 Statur.
1553 3910 1675 3979 Gn.
1710 3913 1937 3979 Video.
1997 3962 1999 3964 ψ

380 4010 555 4075 Num
598 4009 753 4093 quid
804 4031 953 4073 nam
996 4007 1097 4072 hic
1141 4006 1314 4090 quod
1354 4006 1517 4070 nolis
1558 4006 1775 4072 uides?
1858 4006 1979 4071 ΡΑ.
2024 4005 2139 4071 Te.

1059 4099 1182 4168 Gn.
1216 4098 1455 4176 Cred03
1483 4111 1549 4166 at
1572 4123 1725 4165 num
1755 4101 1907 4185 quid
1932 4100 2142 4166 aliud?
