2725 4650
495 334 651 401 -224
1331 346 1643 407 nEcYRA
2149 316 2160 327 ⁰
2397 350 2517 420 ιν,
2541 350 2580 403 4

522 474 631 539 PA.
680 471 959 539 Mutatio
992 470 1081 537 fit.
1150 471 1265 537 Pu.
1299 454 1401 537 Ea
1431 492 1550 536 nos
1583 471 1927 557 perturbet,
1963 470 2235 538 Laches.

522 566 642 631 PA.
696 564 875 629 Dum
908 566 990 630 ne
1022 563 1387 642 redducam,
1422 564 1676 630 turbent
1708 587 1895 650 porro
1931 569 2125 649 quam
2167 564 2384 631 uelint.

386 675 490 730 635
522 659 642 726 Pu.
688 658 853 745 Ego,
887 657 1244 743 Pamphile,
1280 680 1420 723 esse
1453 658 1620 723 inter
1649 680 1788 735 nos,
1823 658 1878 723 si
1911 658 2047 724 fieri
2079 666 2306 745 potest,

694 750 1115 817 Adflnitatem
1148 751 1312 817 hanc
1346 754 1499 817 sane
1531 754 1903 837 perpetuam
1936 753 2112 830 uolo;

691 845 808 912 Sin
838 848 935 911 est
968 855 1039 910 ut
1074 845 1252 911 aliter
1285 846 1398 910 tua
1429 848 1550 909 ista
1585 848 1666 909 sit
1689 845 2020 922 sententia,
2491 862 2547 903 ιε

691 938 986 1025 Accipias
1020 961 1308 1025 puerum.
1387 938 1507 1003 PA.
1545 936 1758 1004 Sensit
1790 940 2136 1025 peperisse:
2182 936 2408 1003 eccidi.

521 1033 644 1099 LA.
688 1033 1006 1099 Puerum?
1064 1054 1256 1116 quem
1305 1032 1610 1117 puerum?
1687 1032 1807 1099 Pu.
1859 1032 2065 1099 Natus
2117 1042 2215 1097 est
2259 1031 2457 1095 nobis

1368 1146 1584 1211 nepos.

386 1236 489 1291 640
690 1220 858 1287 Nam
892 1218 1166 1285 abducta
1201 1243 1241 1284 a
1278 1219 1464 1285 uobis
1497 1220 1810 1305 praegnas
1843 1219 2050 1285 fuerat
2083 1218 2238 1296 fllia,

689 1314 917 1398 Neque
944 1313 1139 1378 fuisse
1166 1323 1576 1399 praegnatem
1599 1314 1903 1397 umquam
1928 1324 2074 1378 ante
2100 1312 2268 1378 hunc
2292 1312 2460 1377 sciui

519 1503 643 1568 LA.
688 1503 888 1580 Bene,
924 1504 1012 1565 ita
1046 1522 1147 1566 me
1183 1500 1249 1566 di
1280 1406 1538 1579 ειιιιᾶοιιειξιῗΙ
1541 1453 1821 1578 nuntias,
1859 1510 1923 1565 et
1957 1500 2205 1587 gaudeo
2481 1518 2535 1557 ιο

687 1596 927 1662 Natum
992 1594 1168 1660 sslum
1236 1605 1299 1660 et
1360 1594 1522 1752 33:1¹
1519 1593 1711 1753 ἕω
1773 1593 2036 1661 saluam.
2123 1592 2236 1659 sed
2293 1592 2455 1677 quid

688 1782 967 1851 Vxerem
1002 1782 1199 1848 habes
1234 1792 1346 1848 aut
1381 1782 1612 1865 quibus
1645 1790 1952 1847 moratam
1995 1779 2310 1847 moribus?

382 1893 485 1947 645
686 1877 904 1943 Nosne
939 1876 1061 1942 hec
1103 1877 1335 1942 celatos
1373 1880 1503 1941 tam
1537 1875 1675 1940 diul
1719 1876 1963 1959 nequee
2001 1875 2170 1951 satis,

690 1971 903 2053 Quam
939 1970 1059 2036 hoc
1092 1970 1247 2035 mihi
1280 1969 1536 2035 uidetur
1567 1968 1808 2036 factum
1841 1991 2057 2055 praue,
2092 1967 2406 2054 preloqui.

518 2067 638 2132 Pu.
684 2066 830 2175 Non
874 2064 989 2129 tibi
1033 2063 1190 2129 illud
1232 2063 1472 2128 factum
1521 2064 1728 2129 minus
1778 2062 1987 2148 placet
2026 2083 2218 2146 quam
2268 2060 2450 2139 mihi,
2477 2078 2530 2121 25

1362 2156 2378 2223 Laches..

518 2255 638 2320 PA.
692 2252 908 2318 Etiam
942 2252 995 2316 si
1030 2250 1273 2316 dudum
1306 2250 1514 2316 fuerat
1549 2250 1915 2337 ambiguum
1949 2247 2069 2315 hec
2103 2248 2276 2328 mihi,

687 2348 877 2413 Nunc
914 2346 1045 2412 nen
1078 2356 1193 2423 est,
1230 2366 1423 2429 quom
1459 2367 1600 2410 eam
1635 2344 1917 2428 sequitur
1949 2343 2190 2410 alienus
2222 2366 2404 2429 puer.

378 2465 485 2519 650
514 2441 640 2507 LA.
684 2441 880 2507 Nulla
912 2440 1048 2517 tibi,
1082 2439 1438 2525 Pamphile,
1473 2438 1577 2504 hic
1607 2438 1737 2503 iam
1769 2438 2222 2507 consultetiost.

515 2537 634 2602 PA.
686 2534 878 2602 Perii.
957 2531 1083 2600 LA.
1117 2533 1314 2598 Hunc
1345 2531 1564 2598 uidere
1598 2533 1788 2618 saepe
1822 2531 2194 2617 optabamus
2229 2531 2422 2610 diem,

685 2627 899 2709 Quom
925 2650 1004 2692 ex
1030 2638 1093 2692 te
1121 2627 1284 2691 esset
1312 2625 1558 2708 aliquis,
1586 2628 1784 2709 quite
1810 2625 2153 2710 appellaret
2176 2637 2448 2711 patrem.
2475 2645 2528 2684 so

685 2722 948 2787 Euenit:
984 2720 1188 2786 habeo
1221 2719 1492 2806 gretiam
1526 2719 1641 2785 dis.
1710 2718 1828 2784 PA.
1865 2718 2094 2784 Nullus
2129 2740 2288 2784 sum.

519 2817 641 2880 LA.
688 2814 985 2880 Reddfice
1018 2835 1283 2879 uxorem
1316 2835 1393 2878 ac
1426 2812 1560 2877 neli
1595 2811 1920 2877 aduorsari
1951 2811 2123 2877 mihi.

382 2925 484 2979 655
517 2910 636 2975 ΡΑ.
689 2909 901 2985 Pater,
938 2908 991 2972 si
1025 2931 1105 2973 ex
1138 2929 1241 2974 me
1272 2906 1385 2972 illa
1415 2906 1645 2972 liberos
1679 2905 1872 2990 uellet
1905 2904 2027 2970 sibi

688 3004 825 3067 Aut
858 3003 927 3065 se
962 3022 1100 3066 esse
1133 3020 1384 3066 mecum
1415 3001 1700 3085 nuptam,
1733 2998 1887 3064 satis
1921 3000 2089 3066 certe
2121 2998 2272 3076 scio,

686 3094 835 3160 Non
871 3093 1036 3184 clam
1068 3115 1171 3160 me
1205 3093 1467 3160 haberet
1499 3092 1672 3177 qued
1707 3092 1942 3158 celasse
1976 3092 2294 3180 intellego.
2475 3114 2529 3154 ⁸⁵

686 3188 875 3254 Nunc
925 3207 1120 3270 quom
1178 3187 1313 3252 eius
1373 3186 1649 3252 alienum
1709 3189 1750 3250 ά
1808 3208 1909 3251 me
1969 3207 2109 3252 esse
2161 3186 2449 3252 animum

1362 3279 1631 3344 sentiam

393 3445 403 3456 ⁴
686 3375 849 3457 (Nec
884 3375 1336 3440 conuenturum
1370 3374 1534 3438 inter
1563 3393 1679 3437 nos
1712 3371 1976 3458 posthac
2009 3372 2323 3456 ιιι-δίεισι),

384 3475 487 3531 660
691 3467 902 3550 Quam
937 3468 1019 3533 ob
1052 3470 1186 3534 rem
1220 3466 1602 3532 redducam?
1652 3465 1775 3530 LA.
1801 3464 2016 3531 Mater
2043 3466 2215 3550 quod
2247 3469 2450 3533 suasit

1360 3583 1496 3638 sua,

688 3654 1083 3721 Adulescens
1118 3653 1343 3718 mulier
1375 3652 1546 3718 fecit.
1613 3651 2050 3717 mirandumne
2083 3650 2150 3715 id
2185 3652 2316 3717 est?

688 3747 942 3816 Censen
974 3760 1037 3814 te
1071 3769 1257 3834 posse
1290 3746 1560 3832 reperire
1593 3745 1789 3810 ullam
1821 3744 2167 3822 mulierem,
2472 3766 2529 3808 ιο

688 3841 873 3923 Quae
906 3842 1118 3905 cereat
1150 3840 1376 3926 culpa?
1410 3863 1492 3904 an
1525 3841 1640 3923 qui
1669 3861 1798 3904 non
1832 3838 2150 3905 delinci'mt
2183 3838 2340 3904 uiri?

520 3936 639 4003 Pu.
684 3935 950 4002 Vosmet
981 3932 1193 3998 uidete
1225 3934 1374 4010 iem,
1409 3931 1660 3998 Laches
1695 3943 1758 3997 et
1790 3942 1862 3997 tu
1894 3930 2245 4016 Pamphile,

386 4035 487 4091 665
687 4027 1021 4092 Remissan
1054 4047 1213 4110 opus
1250 4027 1331 4091 sit
1365 4025 1568 4103 uebis,
1602 4025 1951 4091 redductan
1985 4025 2269 4090 domum:

687 4118 931 4184 Neutra
956 4121 1027 4183 in
1060 4139 1129 4183 re
1162 4119 1346 4185 uobis
1383 4118 1723 4184 difficultas
1753 4121 1797 4184 e
1828 4140 1931 4183 me
1967 4118 2100 4183 erit.
2463 4139 2524 4181 4⁵
