2725 4650
508 299 558 373 4
1196 315 1392 376 vrrA
1425 319 1764 377 ΤΕΒΕΝΤΙ

513 439 805 512 temptiore
852 437 1083 510 uestitu,
1132 439 1392 494 subsellio
1439 439 1592 494 iuxta
1629 429 1890 495 lectulum
1937 441 2181 498 residens
2221 443 2445 516 legisse,
2455 448 2584 488 etm-

515 532 643 598 post
671 541 877 597 paucos
899 539 1033 580 uero
1064 539 1257 580 uersus
1286 523 1552 581 inuitatus
1583 531 1648 579 ut
1678 527 2028 582 accumberet
2058 544 2282 584 cenasse
2312 547 2446 600 una,
2463 511 2510 550 Ρ·
2528 503 2579 542 ²³

517 613 645 667 dein
692 617 875 667 cetera
922 609 1325 681 percucurrisse
1380 626 1492 666 non
1535 611 1653 666 sine
1697 629 1901 684 magna
1941 611 2165 669 Caecilii
2208 616 2447 670 admira-

515 698 679 754 tione.
750 702 808 752 et
836 696 981 750 hanc
1017 700 1203 750 autem
1244 700 1302 750 et
1338 696 1582 768 quinque
1621 696 1861 767 reliquas
1901 699 2202 770 aequaliter
2239 702 2450 772 populo
2485 721 2512 761 5

446 783 485 838 5
519 781 799 853 probauit3
856 781 1107 851 quamuis
1152 780 1446 838 Volcacius
1499 783 1555 838 in
1602 781 2030 840 dinumeratione
2079 785 2316 842 omnium
2361 786 2450 846 ita

517 866 748 922 scribat:

626 965 665 1028 -ι-
701 958 959 1016 Sumetur
980 960 1207 1032 Hecyra
1228 963 1384 1015 sexta
1406 974 1473 1013 ex
1493 958 1581 1014 his
1602 958 1812 1023 fabula,

518 1056 815 1110 Eunuchus
861 1053 1086 1127 quidem
1125 1052 1215 1108 bis
1260 1053 1511 1124 deinceps
1549 1059 1676 1109 acta
1716 1060 1802 1109 est
1841 1056 2149 1128 meruitque
2190 1060 2450 1131 pretium,

523 1146 785 1214 quantum
824 1139 977 1198 nulla
1016 1143 1182 1194 antea
1220 1139 1544 1210 cuiusquam
1583 1140 1892 1212 comoedia,
1931 1141 1993 1196 id
2025 1149 2111 1197 est
2140 1148 2261 1200 octo
2291 1146 2452 1201 milia

416 1228 485 1284 10
518 1243 823 1294 nummum3
850 1229 1145 1296 propterea
1168 1241 1382 1279 summa
1404 1241 1620 1296 quoque
1643 1225 1806 1281 titulo
1829 1227 2136 1282 ascribitur.
2184 1234 2209 1262 ·
2243 1235 2268 1263 ‘
2300 1235 2325 1263 ‘
2358 1236 2383 1264 ·
2421 1239 2449 1265 ¹·
2487 1251 2541 1289 10

519 1329 647 1367 nam
687 1311 1067 1382 Adelphorum
1104 1309 1436 1381 principium
1467 1311 1645 1368 Varro
1686 1311 1854 1370 etiam
1892 1312 2138 1383 praefert
2175 1314 2448 1386 principio
2476 1345 2522 1383 p.
2542 1335 2594 1374 so
2689 1345 2691 1368 ι

520 1396 827 1452 Menandri.

653 1490 783 1550 Non
824 1490 1059 1545 obscura
1097 1488 1249 1544 fama
1289 1494 1375 1544 est
1413 1490 1662 1546 adiutum
1697 1490 2017 1547 Terentium
2057 1492 2116 1546 in
2156 1493 2373 1564 scriptis
2414 1512 2455 1549 a

521 1577 717 1634 Laelio
749 1581 808 1632 et
839 1575 1095 1647 Scipione
1108 1616 1123 1646 ,
1165 1592 1393 1648 eamque
1430 1576 1555 1648 ipse
1587 1577 1739 1632 auxit
1777 1594 2074 1649 numquam
2112 1577 2220 1634 nisi
2251 1579 2454 1636 leuiter

416 1663 487 1718 15
519 1662 763 1719 refutare
788 1666 1033 1731 conatus,
1056 1664 1120 1716 ut
1140 1659 1200 1714 in
1221 1661 1452 1734 prologo
1473 1661 1876 1734 Adelphorum:

590 1765 735 1821 Nam
758 1761 906 1834 qudd
928 1761 1021 1820 isti
1047 1763 1239 1818 dicunt
1260 1762 1535 1836 maleuoli,
1558 1763 1806 1820 homines
1827 1761 2027 1822 ndbilis
2487 1783 2517 1826 5

589 1850 755 1906 Hunc
778 1845 1029 1904 adiutare
1056 1844 1398 1919 adsidueque
1422 1865 1532 1904 una
1555 1845 1820 1904 scribere:

590 1934 752 2000 Quod
774 1931 859 1987 illi
882 1933 1233 1988 maledictum
1256 1932 1555 1988 uehemens
1581 1949 1699 1989 esse
1725 1930 2070 2004 existumant,

498 2053 505 2058 -
588 2020 731 2074 Eam
752 2015 975 2072 laudem
996 2017 1089 2072 hic
1111 2018 1264 2076 ducit
1285 2016 1612 2089 maxumam,
1639 2034 1798 2089 quom
1820 2016 1933 2074 inis
1955 2019 2157 2094 placet,

415 2103 487 2158 20
592 2104 702 2170 Qui
723 2100 884 2159 uobis
906 2100 1178 2184 uniuersis
1202 2108 1259 2158 et
1280 2101 1488 2174 popule
1509 2104 1750 2175 placent,

592 2189 836 2255 Quorum
859 2185 1029 2258 opera
1050 2187 1107 2242 in
1132 2187 1297 2258 bello,
1319 2188 1382 2242 in
1404 2186 1534 2259 όιίο,
1557 2189 1616 2242 in
1639 2186 1861 2259 negdtio
2491 2212 2546 2252 10

594 2275 704 2332 Suo
726 2271 961 2345 quisque
985 2278 1230 2344 tempore
1252 2269 1411 2333 usust
1433 2273 1550 2329 sine
1576 2271 1854 2347 superbia.

524 2380 743 2437 uidetur
774 2382 956 2433 autem
988 2394 1049 2431 se
1079 2376 1257 2432 leuius
1290 2376 1630 2447 defendisse,
1671 2378 1804 2447 quia
1835 2377 2046 2432 sciebat
2087 2383 2144 2432 et
2175 2378 2369 2433 Laelio
2401 2385 2460 2434 et

479 2523 485 2529 v,
529 2464 773 2537 Scipioni
793 2477 905 2523 non
924 2462 1202 2534 ingratam
1224 2478 1344 2518 esse
1369 2462 1512 2519 hanc
1535 2461 1870 2534 opinionem:
1897 2479 2038 2535 quae
2059 2467 2178 2517 tum
2200 2464 2378 2535 magis
2401 2470 2460 2517 et

423 2554 493 2609 25
524 2568 701 2622 usque
734 2550 807 2607 ad
839 2549 1144 2621 posteriora
1174 2551 1427 2619 tempora
1456 2547 1648 2602 ualuit.
1720 2545 1782 2601 Ο.
1807 2547 2100 2601 Memmius
2129 2547 2186 2602 in
2209 2548 2458 2603 oratione
2493 2570 2547 2610 15

526 2654 627 2708 pro
666 2653 725 2691 se
766 2634 857 2691 ιΡ.
899 2633 1195 2689 Africanus
1208 2634 1239 2703 ,²
1278 2633 1484 2703 inquit,
1519 2636 1580 2688 ‘a
1610 2632 1873 2689 Terentio
1913 2648 2202 2703 personam
2241 2639 2453 2688 mutua·
2479 2657 2598 2703 p.81

527 2730 633 2791 tus,
666 2736 807 2794 quae
841 2720 987 2775 domi
1017 2720 1224 2777 luserat
1252 2718 1394 2789 ipse,
1425 2717 1644 2775 nomine
1673 2717 1822 2773 illius
1846 2717 1906 2771 in
1939 2733 2193 2772 scaenam
2225 2719 2458 2773 detulit)

528 2806 717 2877 Nepos
762 2811 983 2861 auctore
1031 2809 1179 2859 certo
1228 2801 1556 2873 comperisse
1612 2818 1672 2857 se
1726 2802 1830 2871 ait,
1879 2802 1939 2856 C.
1987 2802 2240 2857 Laelium
2285 2820 2460 2875 quon-

530 2892 657 2946 dam
708 2890 768 2945 in
812 2889 1116 2945 Puteolano
1170 2887 1424 2943 kalendis
1485 2887 1702 2943 Martiis
1755 2887 2091 2943 admonitum
2145 2887 2217 2942 ab
2270 2904 2458 2958 uxore,

427 2978 498 3033 30
528 2974 827 3046 temperius
870 2978 936 3027 ut
976 2973 1357 3039 discumberet,
1402 2971 1608 3043 petisse
1648 2972 1721 3027 ab
1762 2989 1831 3028 ea
1873 2989 1944 3029 ne
1989 2972 2457 3043 interpellaretur3

531 3076 761 3131 seroque
804 3058 1029 3114 tandem
1072 3058 1378 3128 ingressum
1422 3056 1718 3113 triclinium
1773 3056 1974 3111 dixisse
2026 3073 2135 3111 non
2187 3073 2354 3127 saepe
2397 3058 2460 3111 in
2492 3078 2520 3119 5

532 3144 819 3200 scribendo
857 3142 1037 3215 magis
1077 3141 1183 3197 sibi
1223 3140 1574 3211 successisse3
1621 3142 1820 3198 deinde
1860 3147 2113 3214 rogatum
2151 3148 2214 3196 ut
2253 3142 2461 3213 scripta

529 3231 629 3284 illa
659 3228 954 3300 proferret,
994 3228 1374 3299 pronuntiasse
1413 3243 1605 3282 uersus
1639 3227 1736 3297 qui
1775 3231 1902 3282 sunt
1943 3227 2003 3281 in
2040 3225 2457 3281 Heautontimo-

429 3401 499 3457 35
531 3329 758 3456 rulgggg
768 3353 866 3470 pel
886 3403 1143 3470 proterue
1168 3394 1257 3452 me
1282 3395 1410 3471 Syri
1432 3395 1700 3469 promissa
1722 3397 1830 3451 huc
1854 3393 2196 3451 induxerunt.

535 3501 734 3557 Santra
764 3501 1087 3556 Terentium
1119 3499 1412 3569 existimat,
1443 3500 1492 3554 si
1521 3500 1685 3554 modo
1716 3498 1775 3552 in
1807 3499 2096 3554 scribendo
2119 3499 2460 3584 adi-uteribus
2495 3522 2546 3561 10

531 3587 857 3659 indiguerit,
891 3604 999 3641 non
1030 3593 1146 3641 tam
1177 3585 1436 3655 Scipione
1471 3591 1528 3640 et
1557 3584 1752 3641 Laelio
1781 3584 1865 3639 uti
1894 3584 2166 3655 potuisse,
2201 3585 2294 3654 qui
2326 3589 2463 3639 tunc

533 3671 931 3727 adulescentuli
946 3671 1167 3741 fuerint,
1179 3687 1341 3741 quam
1352 3670 1412 3725 C.
1427 3668 1670 3739 Sulpicio
1682 3669 1863 3739 Gallo,
1874 3669 2092 3724 homine
2102 3669 2263 3723 docto
2281 3673 2338 3723 et
2354 3686 2460 3739 quo

536 3757 752 3813 consule
769 3756 1163 3825 Meqalensibus
1190 3754 1335 3809 ludis
1360 3754 1578 3809 initium
1595 3754 1906 3809 fabularum
1924 3754 2228 3808 dandarum
2247 3752 2459 3821 fecerit,

429 3846 501 3899 40
535 3842 624 3897 uel
665 3840 729 3906 Q.
772 3840 950 3896 Fabio
984 3841 1246 3896 Labeone
1288 3844 1343 3895 et
1385 3840 1460 3898 M.
1500 3838 1767 3911 Popillio,
1810 3838 2084 3893 consulari
2120 3843 2352 3908 utroque
2389 3854 2460 3893 ac
2484 3870 2527 3910 p,
2546 3860 2595 3899 32

534 3930 716 3999 poeta.
787 3925 915 3981 ideo
962 3926 1140 3996 ipsum
1179 3942 1290 3981 non
1327 3926 1556 3981 iuuenes
1597 3924 1913 3996 designare,
1961 3923 2058 3996 qui
2097 3939 2156 3978 se
2198 3923 2462 3979 adiuuare

537 4012 807 4080 dicantur,
841 4011 939 4068 sed
970 4011 1136 4079 uiros,
1170 4026 1400 4079 quorum
1431 4025 1657 4083 operam
1689 4016 1746 4065 et
1775 4010 1834 4067 in
1855 4008 2004 4066 bello
2029 4014 2086 4065 et
2105 4008 2165 4063 in
2187 4008 2299 4062 otio
2325 4013 2381 4063 et
2401 4007 2462 4067 in

535 4095 759 4169 negotio
781 4095 1014 4168 populus
1038 4094 1111 4153 sit
1134 4098 1406 4171 expertus.
