2725 4650
121 304 194 375 V,
221 307 256 361 8
1015 307 1365 366 PHORMIO
2034 289 2157 357 189

146 916 203 957 10

145 1198 201 1240 13

147 1383 204 1426 15

225 429 348 494 Pu.
391 427 496 495 De
540 431 761 497 eadem
814 430 933 497 hec
983 432 1250 499 fortasse
1301 432 1532 542 causa?
1607 430 1733 495 Da.
1764 428 1879 495 'Ita
1929 428 2157 495 hercle.

399 615 575 699 Quid
625 618 707 682 ad
759 642 861 685 me
911 526 1174 685 ibatig?11
1175 574 1189 589 ’
1221 524 1780 685 gffidiilfdiofflum.
1876 615 1997 681 ΡΗ.
2051 616 2161 679 An

329 736 335 743 ·
1070 713 1381 779 rebamini

394 807 507 871 Me
537 808 668 872 nen
700 807 771 871 id
802 808 1023 885 facere,
1061 808 1230 891 qued
1263 807 1643 894 recepissem
1678 805 1909 871 semel?

398 903 605 978 Heus,
665 903 902 985 quenta
950 911 1188 985 quanta
1247 901 1406 967 haec
1456 902 1599 967 mea
1647 908 1985 986 paupertas
2044 898 2159 974 est,

1073 1007 1285 1061 tamen

400 1087 636 1153 Adhuc
663 1088 881 1153 curaui
907 1112 1105 1154 unum
1132 1089 1253 1155 hec
1277 1088 1556 1174 quidem,
1583 1098 1656 1152 ut
1680 1087 1768 1152 mi
1794 1088 1959 1153 esset
1984 1085 2158 1150 fides.
2196 1091 2299 1147 905

403 1181 607 1265 quue
639 1181 802 1247 edeo
835 1182 1024 1247 uenio
1057 1183 1439 1261 nuntiatum,
1473 1181 1816 1267 Demipho,

399 1274 704 1340 Paretum
737 1298 842 1341 me
873 1298 1041 1341 essex
1079 1276 1190 1341 ubi
1225 1276 1435 1354 uoltis,
1469 1278 1734 1340 uxorem
1769 1275 1932 1339 date.

399 1367 567 1435 Nam
604 1370 807 1433 omnis
841 1369 1180 1455 posthabui
1215 1369 1371 1434 mihi
1405 1392 1527 1447 res,
1562 1368 1653 1433 ita
1686 1368 1781 1432 uti
1813 1369 1930 1453 per
1963 1366 2103 1442 fuit,

399 1462 750 1547 Postquam
798 1463 868 1527 id
909 1473 1085 1528 tanto
1128 1485 1320 1549 opere
1361 1465 1476 1529 ues
1524 1462 1688 1529 uelle
1730 1462 2010 1527 animnm
2053 1458 2165 1524 ad-

1072 1559 1407 1624 uel-teram.

229 1649 358 1715 Du.
401 1650 497 1715 At
527 1649 632 1715 hic
665 1650 1030 1717 dehortatus
1064 1653 1161 1717 est
1195 1675 1318 1729 me,
1352 1674 1437 1719 ne
1468 1651 1642 1716 illam
1675 1650 1792 1715 tibi
1826 1650 2069 1714 darem:

404 1744 600 1811 ‘Nam
623 1748 736 1829 qui
762 1746 881 1810 erit
903 1767 1119 1810 rumor
1144 1747 1358 1831 pepuli
1369 1746 1408 1824 ',
1446 1745 1670 1829 inquit,
1707 1743 1789 1809 ‘si
1812 1743 1881 1808 id
1907 1741 2165 1807 feceris?

411 1836 588 1903 Olim
623 1860 815 1921 quom
850 1839 1110 1905 honeste
1144 1840 1367 1925 petuit,
1404 1850 1539 1905 tum
1574 1861 1701 1903 non
1736 1840 1832 1903 est
1867 1837 2042 1902 data:

400 1933 591 1998 Nunc
607 1932 866 2010 uiduam
885 1933 1134 1999 extrudi
1151 1934 1438 2019 turpest’.
1475 1933 1675 1999 ferme
1692 1931 1915 1997 eadem
1932 1929 2166 2008 emnia,

403 2026 587 2108 Quae
620 2028 754 2093 tute
790 2027 1032 2092 dudum
1065 2028 1276 2093 ceram
1308 2050 1414 2093 me
1447 2028 1871 2093 incuseueras.

228 2121 354 2187 Pu.
400 2119 586 2195 Satis,
607 2121 878 2208 superbe
904 2122 1184 2187 inluditis
1211 2144 1329 2189 me.
1387 2122 1513 2187 Du.
1543 2120 1712 2204 Qut?
1760 2120 1882 2185 ΡΗ.
1910 2119 2166 2205 Rogas?
2199 2132 2302 2187 915

405 2214 576 2297 Quia
609 2236 688 2279 ne
723 2216 985 2281 elteram
1020 2216 1277 2300 quidem
1309 2217 1484 2281 fflam
1518 2227 1739 2302 potero
1777 2215 2035 2290 ducere3

311 2353 315 2356 -
402 2310 569 2375 Nam
595 2312 722 2393 que
757 2309 976 2375 redibo
1013 2333 1121 2376 ore
1146 2310 1230 2376 ed
1258 2333 1401 2378 eam
1427 2333 1621 2396 quam
1646 2308 2166 2395 contempserim?

228 2404 355 2472 Cn.
403 2405 598 2468 ‘Tum
635 2414 846 2469 autem
881 2385 1321 2491 Antiphonem
1355 2406 1543 2471 uideo
1587 2405 1670 2470 ab
1706 2427 1845 2470 sese
1882 2405 2164 2468 amittere

399 2499 684 2564 Inuitum
709 2499 875 2563 eam’
903 2498 1115 2582 inque.
1168 2499 1294 2563 Du.
1313 2499 1485 2564 Tum
1511 2501 1724 2566 autem
1747 2497 1935 2563 uideo
1961 2497 2166 2562 filium

401 2592 684 2657 Inuitum
717 2614 868 2656 sane
902 2592 1226 2658 mulierem
1263 2593 1344 2658 ab
1384 2615 1452 2658 se
1486 2596 1791 2658 amittere.

404 2686 537 2753 Sed
569 2686 765 2750 trensi
799 2686 984 2752 sodes
1016 2685 1102 2751 ad
1135 2688 1343 2752 forum
1378 2678 1568 2771 atque
1602 2687 1759 2752 illud
1793 2685 1949 2749 mihi

401 2781 764 2867 Argentum
799 2803 1048 2844 rursum
1083 2780 1232 2845 iube
1265 2781 1547 2860 rescribi,
1585 2780 1909 2846 Phormio.

136 2898 196 2938 so
219 2855 349 2944 PH.
397 2874 672 2955 Quodne
706 2875 828 2959 ego
863 2873 1150 2960 discripsi
1186 2877 1371 2960 perro
1406 2875 1530 2940 illis
1565 2875 1796 2959 quibus
1832 2872 2063 2938 debui?

221 2970 357 3035 Du.
404 2967 582 3050 Quid
614 2967 810 3053 igitur
841 2968 986 3033 fiet?
1054 2968 1173 3034 ΡΗ.
1214 2967 1288 3034 Si
1321 2969 1421 3034 uis
1454 2969 1543 3033 mi
1576 2970 1838 3034 uxorem
1874 2967 2045 3045 dare,

402 3062 617 3143 Quam
652 3061 1061 3147 despondisti,
1099 3063 1353 3140 ducam3
1394 3063 1493 3128 sin
1527 3075 1621 3129 est
1654 3065 1726 3128 ut
1759 3063 1917 3128 uelis

397 3157 667 3222 Manere
700 3156 874 3222 illam
909 3157 1080 3241 apud
1113 3168 1196 3235 te,
1233 3157 1343 3224 des
1379 3158 1483 3224 hic
1508 3169 1782 3236 maneat,
1818 3156 2159 3242 DemiphO.

397 3251 570 3316 Nam
603 3252 732 3316 nen
765 3261 860 3316 est
895 3271 1164 3333 aequom
1198 3253 1302 3317 me
1335 3262 1592 3338 propter
1624 3275 1740 3316 uos
1778 3251 2002 3338 decipi,

402 3343 620 3427 Quom
656 3366 776 3430 ego
811 3345 1006 3409 uestri
1038 3344 1292 3410 honoris
1329 3348 1520 3411 causa
1561 3346 1895 3431 repudium
1929 3347 2163 3411 elterae

398 3438 797 3515 Remiserim,
831 3459 994 3522 quae
1031 3438 1189 3503 detis
1225 3441 1597 3506 tantundem
1634 3440 1845 3506 dabat.

399 3626 742 3712 Fugitiue?
787 3627 978 3692 etiam
1011 3649 1181 3694 nunc
1217 3628 1419 3693 credis
1456 3640 1517 3695 te
1550 3629 1897 3715 ignorerier

397 3723 540 3786 Aut
573 3722 686 3786 tua
716 3721 886 3786 facta
913 3721 1116 3787 adeo?
1135 3817 1148 3838 ‚
1163 3721 1285 3786 ΡΗ.
1313 3721 1571 3788 Inritor!
1623 3721 1749 3787 Du.
1777 3722 1963 3788 Tune
1997 3722 2162 3788 hanc

397 3907 476 3976 si
510 3908 626 3974 tibi
660 3909 950 3974 daretur?
999 3815 1651 3996 Pguffgssseriolum.
1701 3910 1827 3974 Da.
1864 3911 1957 3977 Vt
1989 3911 2159 3976 filius

399 4001 570 4068 Cum
603 4003 712 4068 illa
743 4003 988 4070 hebitet
1023 4005 1198 4162 94Ξὲ
1231 4015 1320 4070 te:
1359 4005 1481 4070 hoc
1514 4005 1796 4070 uestrum
1830 4004 2159 4074 consilium

2198 1653 2301 1708 910

2198 2606 2303 2662 920

2197 3077 2301 3132 925

336 3583 353 3600 .
397 3533 500 3598 In’
534 3534 603 3596 in
637 3533 870 3597 malam
902 3555 1036 3599 rem
1070 3532 1218 3600 hinc
1251 3555 1399 3600 cum
1430 3537 1589 3600 istac
1622 3533 2109 3620 magnificentia,
2195 3549 2300 3606 930
