2725 4650
151 291 263 363 111,
290 292 326 349 1
759 290 1132 349 HEAVTON
1165 291 1629 349 TIMORVMEN
1631 290 1721 348 OS
2115 276 2194 343 71

435 412 663 481 Omnis
699 414 992 480 sollicitos
1025 414 1266 491 hebuit,
1301 425 1493 499 atque
1526 415 1684 480 haec
1716 416 1847 479 {ma
1878 436 2026 480 nox.

439 508 616 590 Quid
651 511 714 574 te
749 509 1036 574 futurum
1071 509 1309 586 censes,
1345 528 1537 591 quem
1572 509 1834 575 adsidue
1868 510 2172 575 exedent?

441 602 549 669 Sic
584 602 685 667 me
722 602 785 666 di
822 603 1145 679 amabunt,
1177 603 1248 666 ut
1283 624 1386 667 me
1420 612 1672 667 tuarum
1706 603 2131 681 miseritumst‚

180 712 238 754 55
436 696 838 772 Menedeme‚
873 695 1288 760 fortunarum.
1374 694 1510 761 Mn.
1545 696 1767 761 Faciat
1802 697 2153 781 quidlubet:

441 788 668 854 Sumat
702 801 1032 855 consumat
1064 790 1306 875 perdat,
1341 788 1726 855 decretumst
1759 791 1910 875 pati,
2228 796 2332 852 465

432 882 613 947 Dum
655 883 836 948 illum
877 884 1066 948 modo
1107 883 1686 1041 Ῑιιῖιῐίὶῑῗηὲἱὺῑίῑιόοιιω.
1774 881 1894 948 011.
1949 881 2023 948 Si
2063 905 2197 951 cer-

439 1068 550 1136 Sic
584 1070 814 1147 facere,
849 1069 1005 1133 illud
1039 1070 1366 1155 permagni
1400 1092 1468 1135 re
1502 1070 1666 1135 ferre
1700 1070 1986 1148 erbitror,

434 1166 528 1230 Vt
559 1166 640 1228 ne
677 1164 978 1228 scientem
1012 1163 1240 1228 sentiat
1275 1176 1338 1227 te
1371 1164 1437 1227 id
1473 1164 1594 1228 sibi
1628 1164 1797 1228 dare.

183 1274 236 1313 σο
258 1256 399 1320 ΜΕ.
439 1254 614 1338 Quid
665 1256 931 1322 seciam?
1027 1254 1144 1321 Cn.
1197 1254 1471 1337 Quiduis
1523 1257 1731 1342 petius
1783 1278 1972 1341 quam
2025 1258 2193 1340 quod

1107 1350 1377 1436 cegitas:

436 1442 566 1507 Per
597 1443 790 1507 elium
824 1443 1114 1527 quemuis
1146 1444 1220 1507 ut
1253 1444 1385 1520 des,
1422 1443 1554 1508 falli
1590 1442 1654 1507 te
1688 1443 1857 1508 sinas
2226 1443 2332 1498 470

433 1536 732 1601 Techinis
766 1558 879 1621 per
913 1536 1260 1614 seruolum3
1297 1536 1415 1600 etsi
1449 1536 1739 1601 subsensi
1769 1537 1837 1600 id
1871 1558 2142 1621 quoque,

433 1630 586 1694 Illes
619 1630 710 1694 ibi
745 1652 902 1707 esse,
938 1630 1004 1694 id
1037 1632 1227 1715 egere
1261 1630 1426 1695 inter
1460 1652 1528 1694 se
1563 1629 1937 1695 clanculum.

436 1722 639 1807 Syrus
674 1745 820 1787 cum
851 1723 960 1787 illo
995 1733 1207 1788 uostro
1243 1725 1709 1800 censusurrant,
1746 1724 2077 1789 censerunt
2129 1807 2137 1813 .

181 1832 236 1873 ⁶5
437 1814 719 1882 Consilia
753 1817 835 1881 ad
868 1816 1314 1893 adulescentis3
1350 1828 1416 1881 et
1448 1816 1564 1881 tibi
1597 1818 1857 1902 perdere

435 1910 774 1975 Talentum
805 1910 928 1975 hoc
961 1921 1147 1995 pacto
1182 1911 1381 1975 setius
1424 1921 1519 1975 est
1552 1932 1745 1995 quam
1785 1911 1893 1976 ille
1938 1912 2190 1977 minam.
2225 1922 2329 1977 475

436 2003 586 2067 Non
617 2005 786 2069 minc
820 2004 1089 2089 pecunia
1121 2004 1349 2089 egitur,
1386 2004 1499 2069 sed
1531 2004 1689 2069 illud
1724 2007 1851 2088 que
1885 2005 2074 2070 modo

432 2096 726 2164 Minume
763 2098 998 2184 periclo
1031 2097 1100 2161 id
1134 2098 1356 2162 demus
1392 2098 1879 2163 adulescentulo.

433 2190 605 2255 Nam
638 2194 693 2256 si
727 2192 922 2256 semel
955 2202 1131 2257 tuom
1165 2191 1448 2255 animum
1480 2191 1586 2255 ille
1620 2191 2013 2271 intellexerit,

181 2300 232 2343 ⁷0
432 2283 622 2351 Prius
656 2286 1052 2372 prediturum
1086 2287 1148 2351 te
1185 2295 1361 2350 tuam
1398 2285 1600 2351 uitam
1633 2287 1696 2350 et
1728 2287 1901 2372 prius

431 2379 779 2446 Pecuniam
797 2402 1067 2458 omnem,
1087 2400 1278 2463 quam
1296 2380 1413 2445 ebs
1430 2391 1493 2444 te
1522 2380 1771 2444 amittas
1798 2381 2029 2445 filium:
2057 2381 2188 2460 hui,
2222 2390 2327 2444 480

435 2473 760 2555 Quantam
795 2475 1138 2539 fenestram
1171 2475 1255 2538 ad
1288 2474 1635 2557 nequitiem
1669 2475 2061 2559 patefeceris,

434 2568 584 2633 Tibi
617 2570 828 2634 autem
861 2589 1050 2654 porro
1085 2578 1157 2633 ut
1191 2570 1321 2632 nen
1355 2567 1439 2631 sit
1474 2590 1669 2632 suaue
1704 2567 1951 2632 uiuere!

432 2661 599 2725 Nam
635 2662 976 2727 deteriores
1011 2661 1227 2727 emnes
1263 2680 1481 2726 sumus
1516 2660 1786 2725 licentia.

179 2772 232 2812 ⁷5
434 2752 656 2840 [Quod
719 2754 994 2840 quoique
1053 2775 1373 2838 quomque
1422 2753 1709 2818 inciderit
1766 2752 1833 2818 in
1892 2766 2187 2834 mentem,

1109 2848 1300 2925 uolet,

429 2942 655 3026 Neque
688 2943 757 3007 id
791 2941 1040 3028 putabit
1073 2963 1336 3027 prauom
1370 2964 1453 3006 an
1486 2952 1729 3008 rectum
1762 2943 1871 3008 sit:
1906 2941 2125 3030 petet.]
2220 2960 2325 3016 485

433 3036 538 3101 Tu
571 3038 704 3100 rem
739 3036 944 3121 perire
978 3046 1040 3100 et
1071 3038 1281 3120 ipsum
1312 3056 1443 3099 non
1476 3039 1709 3121 poteris
1742 3036 1902 3122 pati:

431 3129 605 3194 Dare
640 3129 1001 3214 denegaris:
1036 3129 1154 3194 ibit
1192 3129 1274 3194 ad
1307 3129 1468 3194 illud
1495 3131 1659 3205 flico,

432 3222 580 3305 Quo
611 3226 910 3288 maxume
946 3223 1115 3308 apud
1151 3233 1214 3288 te
1248 3224 1315 3286 se
1351 3223 1564 3288 ualere
1598 3222 1849 3288 sentiet=

183 3335 234 3375 so
430 3316 779 3380 Abiturum
814 3339 881 3381 se
917 3316 1030 3380 abs
1066 3327 1130 3382 te
1166 3337 1302 3380 esse
1336 3315 1481 3379 ilico
1516 3315 1873 3381 minabitur.

256 3410 394 3474 Mn.
432 3409 670 3476 Videre
703 3433 858 3476 uera
891 3420 1078 3494 atque
1111 3412 1202 3475 ita
1235 3407 1329 3473 uti
1361 3430 1465 3473 res
1498 3419 1594 3473 est
1625 3409 1851 3474 dicere.
2220 3421 2325 3477 490

263 3502 381 3568 Cn.
428 3503 739 3570 Somnum
788 3504 1000 3571 hercle
1053 3526 1173 3590 ego
1224 3504 1346 3568 hac
1395 3513 1580 3568 nocte
1630 3502 1825 3567 eculis
1877 3523 2005 3568 non
2056 3503 2190 3568 uidi

1104 3621 1282 3675 mels,

427 3691 610 3756 Dum
641 3692 708 3757 id
743 3695 998 3776 quaere,
1034 3693 1150 3757 tibi
1185 3692 1295 3777 qui
1327 3690 1533 3756 filium
1565 3692 1977 3758 restituerem.

254 3788 394 3851 Mn.
433 3783 614 3852 Cedo
675 3787 991 3852 dextram:
1061 3809 1247 3873 porro
1307 3788 1371 3851 te
1429 3785 1599 3850 idem
1661 3805 1771 3850 oro
1839 3797 1911 3849 ut
1971 3786 2186 3865 facies,

1107 3878 1430 3947 Chremes.

183 3993 232 4033 85
261 3973 383 4040 Cn.
429 3971 702 4039 Paratus
757 3997 916 4040 sum.
1015 3976 1148 4039 Mn.
1222 3973 1377 4040 Scin
1436 3973 1591 4057 quid
1646 3995 1818 4040 nuno
1866 3973 2075 4041 facere
2127 3976 2188 4042 te

1105 4068 1288 4134 uolo?
