2725 4650
100 340 168 409 11,
191 341 228 394 3
701 338 1072 395 HEAVTON
1105 338 1661 396 TIMORVMENOS
2053 324 2135 391 63

374 462 688 548 Properat
724 462 879 546 quid
906 462 1072 525 stas?
1116 458 1294 527 ΟΜΝ.
1331 463 1472 527 Vae
1500 463 1731 527 misero
1758 463 1864 539 mi,
1900 466 2139 546 quanta
2171 475 2275 531 250

1051 555 1129 620 de
1166 578 1279 641 spe
1315 555 1549 621 decidi!

122 668 170 707 10
197 647 380 714 ΟΜΤ.
420 648 596 730 Quid
629 648 830 713 istuc?
872 670 1037 733 quae
1078 671 1180 714 res
1223 651 1285 713 te
1323 650 1615 714 sollicitat
1656 650 1907 716 autem?
1960 648 2136 716 ΟΜΝ.

1050 743 1315 829 Rogitas
1352 743 1505 826 quid
1542 744 1699 808 siet?

374 837 588 904 Viden
623 837 732 903 tu?
775 837 1033 902 ancillas
1061 838 1285 901 aurum
1310 846 1575 915 uestem,
1610 840 1802 921 quam
1838 860 1957 923 ego
1994 860 2140 903 eum

1053 953 1184 995 una
1219 930 1517 996 anofflula

373 1025 504 1089 Hie
527 1025 771 1108 reliqui,
809 1024 979 1090 unde
1007 1027 1062 1089 ei
1087 1026 1226 1089 esse
1253 1026 1512 1095 censes?
1565 1022 1739 1089 cm.
1775 1024 1943 1101 Vah,
1971 1046 2140 1089 nune

1052 1118 1309 1185 demum
1341 1119 1664 1205 intellego·

201 1210 314 1277 Sr.
372 1212 465 1276 Di
497 1211 669 1290 boni,
706 1212 860 1295 quid
886 1211 1196 1276 turbaest!
1235 1212 1423 1277 aedes
1449 1214 1703 1277 nostrae
1729 1213 1840 1276 uix
1869 1213 2137 1299 capient,

1055 1328 1205 1369 selo.

377 1397 552 1480 Quid
613 1398 972 1465 comedent!
1033 1398 1189 1483 quid
1249 1398 1535 1464 ebibent!
1598 1399 1754 1483 quid
1814 1402 1961 1465 sene
2022 1400 2137 1465 erit
2173 1409 2273 1465 255

1051 1504 1266 1557 nostro
1300 1492 1631 1559 miserius?

121 1604 174 1645 15
377 1585 511 1652 Sed
537 1608 720 1652 eccos
755 1587 941 1651 uideo
968 1589 1127 1670 quos
1154 1587 1469 1651 uolebam.
1525 1584 1703 1653 ΟΜΝ.
1742 1584 1804 1652 Ο
1834 1588 2140 1673 Iuppiter,

1050 1680 1161 1744 ubi
1196 1684 1405 1745 namst
1437 1680 1633 1745 fides?

371 1772 553 1838 Dum
589 1794 707 1859 ego
743 1774 999 1859 propter
1033 1784 1096 1838 te
1133 1796 1348 1839 errans
1392 1774 1597 1859 patria
1640 1795 1823 1839 careo
1858 1775 2138 1852 domem,

1053 1878 1124 1931 tu
1157 1867 1399 1932 intel-eti¹
1431 1867 1555 1931 loei

378 1957 918 2045 Conlocupletasti
961 1972 1043 2039 te,
1097 1941 1455 2046 Antiphila,
1508 1970 1571 2025 et
1621 1983 1725 2026 me
1774 1960 1841 2025 in
1892 1960 1992 2025 his
2033 1962 2141 2025 de—

1057 2054 1306 2120 seruisti
1339 2054 1543 2131 malis,

374 2146 645 2233 Propter
670 2168 863 2231 quam
886 2146 954 2211 in
975 2170 1228 2211 *summa
1253 2146 1515 2211 infamia
1542 2169 1681 2211 sum
1717 2158 1781 2212 et
1806 2150 1948 2213 meo
1974 2148 2139 2232 patri

1048 2241 1256 2305 minus
1293 2263 1434 2305 sum
1471 2241 1857 2326 obsequens:

377 2333 626 2416 Quoius
677 2337 848 2400 nuno
898 2334 1096 2420 pudet
1145 2357 1250 2400 me
1301 2345 1363 2401 et
1414 2337 1696 2412 miseret,
1750 2335 1861 2418 qui
1912 2336 2137 2401 harum
2170 2337 2275 2394 260

1052 2431 1258 2494 mores
1295 2429 1592 2494 cantabat
1624 2429 1800 2505 mihi,

117 2544 172 2584 20
371 2521 704 2588 Monuisse
738 2521 973 2586 frustra
1005 2525 1214 2607 neque
1241 2546 1387 2587 eum
1421 2521 1699 2608 potuisse
1724 2524 2028 2607 umquam
2056 2524 2137 2588 ab

1051 2616 1172 2680 hae
1205 2638 1308 2681 me
1342 2615 1664 2701 aspellere.

375 2709 569 2792 Quod
619 2714 832 2776 tamen
882 2733 1054 2776 nuno
1106 2710 1365 2787 faeiam3
1426 2711 1591 2787 tum,
1644 2731 1836 2793 quom
1887 2720 2137 2796 gratum

1050 2803 1206 2868 mihi
1239 2826 1379 2869 esse
1412 2804 1635 2889 potuit,
1672 2803 1864 2868 nolui.

371 2899 438 2964 N
437 2901 638 2964 emost
681 2897 964 2964 miserior
1007 2920 1129 2962 me.
1204 2896 1312 2963 Sr.
1356 2898 1486 2961 Hie
1528 2897 1609 2961 de
1652 2897 1879 2962 nostris
1923 2897 2135 2962 uerbis

1047 3002 1213 3056 errat
1245 2991 1561 3068 uidelicet,

372 3085 557 3167 Quae
591 3085 696 3150 hio
730 3087 946 3150 sumus
980 3085 1193 3151 locuti.
1267 3081 1497 3161 Clinia,
1534 3083 1713 3149 aliter
1747 3085 1923 3148 tuom
1958 3106 2131 3150 amo-

1050 3200 1187 3242 rem
1220 3189 1411 3261 atque
1448 3189 1563 3256 est,
1596 3177 1859 3262 aeeipis:

368 3272 537 3336 Nam
559 3283 623 3336 et
641 3275 832 3336 uitast
850 3272 1072 3336 eadem
1091 3282 1154 3336 et
1179 3272 1429 3336 animus
1448 3282 1509 3336 te
1538 3295 1691 3356 erga
1716 3271 1884 3336 idem
1900 3274 1976 3336 άο
1993 3272 2131 3348 fuit,
2165 3275 2269 3330 265

372 3364 702 3446 Quantum
737 3369 818 3431 ex
851 3366 990 3450 ipsa
1024 3388 1092 3430 re
1129 3365 1552 3430 coniecturam
1586 3365 1870 3430 fecimus.

197 3459 380 3526 ΟΜΝ.
418 3457 595 3540 Quid
648 3471 744 3524 est
795 3459 1093 3525 obsecro?
1160 3481 1308 3524 nam
1359 3459 1515 3522 mihi
1563 3481 1733 3523 nune
1782 3457 1873 3522 nil
1922 3481 2131 3524 rerum

1047 3553 1391 3616 omniumst
1651 3621 1655 3625 ,

373 3646 567 3728 Quod
601 3645 815 3709 malim
853 3668 1046 3730 quam
1081 3669 1184 3710 me
1219 3645 1340 3710 hoe
1374 3645 1535 3710 falso
1570 3644 1959 3729 suspicarier.

192 3743 308 3810 ΒΥ.
368 3743 515 3806 Hoe
531 3742 826 3825 primum,
853 3752 1022 3805 utne
1041 3739 1195 3823 quid
1211 3739 1399 3804 huius
1416 3761 1627 3804 rerum
1641 3738 1922 3822 ignores:
1950 3761 2129 3817 anus,

370 3833 557 3916 Quae
595 3844 690 3898 est
725 3834 892 3899 dieta
925 3843 1128 3899 mater
1163 3834 1301 3898 esse
1336 3833 1394 3898 ei
1430 3832 1713 3909 antehae,
1748 3834 1879 3896 non
1912 3832 2032 3896 fuit
2042 3857 2061 3910 3
2163 3837 2267 3892 270

115 3953 164 3992 so
370 3929 474 3993 Ea
511 3927 666 3992 obiit
700 3938 985 3995 mortem.
1029 3928 1151 3991 hoe
1183 3929 1324 4013 ipsa
1356 3927 1426 3990 in
1457 3925 1679 3990 itinere
1713 3925 1945 3991 alterae

369 4023 548 4088 Dum
602 4025 833 4100 narrat,
893 4021 1351 4180 fortefflsslzgssui.
1442 4017 1615 4083 ΟΜΤ.
1677 4016 1863 4098 Quae
1924 4028 2131 4084 namst
