2725 4650
536 288 620 356 30
1345 305 1646 362 ANDRIA
2294 306 2402 375 111,
2428 308 2474 360 2.
2497 306 2530 359 3

1467 426 1644 510 Quid
1677 428 1807 493 a'is?
1840 449 2031 512 quom
2066 429 2461 494 intellexeras

701 501 782 586 ld
834 520 1162 586 consilium
1215 524 1468 607 capere,
1531 543 1690 606 quor
1750 542 1878 586 non
1932 522 2088 587 dixti
2148 523 2462 607 extemplo

1375 614 1748 700 Pamphilo?

533 706 661 774 DA.
708 706 872 791 Quis
915 708 1108 793 igitur
1150 731 1296 774 eum
1339 708 1422 773 ab
1463 708 1575 775 ssla
1611 709 1915 774 abstraxit
1946 709 2069 774 nisi
2114 709 2274 796 ego?
2317 732 2461 773 nam

1374 823 1591 867 omnes
1624 803 1743 867 nos
1776 802 2034 885 quidem

397 908 500 962 520
704 892 974 970 Scimus,
1010 917 1203 978 quam
1237 894 1463 961 misere
1488 895 1651 961 hanc
1678 895 1928 961 amarit:
1964 897 2132 960 nunc
2159 896 2281 961 sibi
2307 918 2459 960 uxo·
2486 914 2542 954 ιο

1376 1011 1510 1053 rem
1546 989 1803 1074 expetit.

700 1080 1031 1146 Postremo
1074 1081 1142 1145 id
1183 1081 1338 1147 mihi
1380 1082 1463 1145 da
1506 1083 1748 1168 negoti3
1791 1083 1863 1147 t1'1
1898 1092 2109 1147 tamen
2142 1082 2313 1147 idem
2346 1081 2459 1145 has

1376 1175 1628 1260 nuptias

699 1267 909 1353 Perge
950 1268 1160 1333 facere
1201 1269 1290 1333 ita
1331 1270 1403 1334 ut
1444 1269 1628 1347 facis,
1684 1279 1748 1335 et
1797 1268 1865 1333 id
1908 1271 2091 1353 spero
2136 1267 2457 1334 adiuturos

1376 1362 1547 1427 deos.

534 1452 626 1519 S1.
695 1435 901 1519 l'mmo
948 1454 1052 1519 abi
1094 1454 1284 1519 intre.
1329 1455 1419 1519 ibi
1460 1478 1563 1521 me
1608 1455 1895 1541 opperire
1932 1466 1994 1520 et
2027 1455 2201 1539 quod
2240 1465 2460 1541 parato

1373 1571 1535 1633 opus
1569 1551 1664 1613 est
1697 1572 1871 1634 para.
1909 1586 1991 1595 —

700 1641 765 1706 N
765 1664 849 1705 on
880 1641 1110 1726 inpulit
1141 1664 1263 1719 me,
1309 1641 1467 1707 haec
1510 1643 1679 1707 nunc
1714 1642 1969 1707 omnino
2003 1652 2074 1707 ut
2108 1642 2459 1720 crederem3

395 1744 498 1799 525
699 1736 907 1818 Atqui
938 1735 1110 1800 haud
1143 1735 1274 1800 scio
1309 1759 1395 1801 an
1427 1757 1591 1819 quae
1626 1736 1784 1799 dixit
1818 1736 1939 1801 sint
1973 1758 2129 1800 uera
2161 1736 2391 1801 omnia.
2488 1754 2545 1795 45

703 1827 833 1894 Sed
867 1828 1050 1913 parui
1083 1829 1318 1914 pendot
1353 1829 1512 1895 illud
1545 1829 1699 1895 mihi
1733 1829 1931 1894 multo
1966 1833 2417 1907 maxumumst,

701 1920 895 2005 Quod
913 1922 1066 1987 mihi
1082 1922 1426 2006 pollicitust
1440 1925 1617 2007 ipsus
1634 1933 1885 2008 gnatus.
1930 1924 2097 1987 nunc
2116 1921 2459 1989 Chremem

701 2014 1117 2092 Conueniam,
1154 2016 1347 2081 orabo
1382 2020 1576 2101 gnato
1610 2038 1901 2081 uxorem:
1942 2015 2061 2102 [id]
2092 2016 2147 2081 si
2169 2019 2460 2102 impetr0‚

700 2107 878 2189 Quid
909 2108 1064 2173 alias
1097 2109 1314 2174 malim
1346 2131 1539 2192 quam
1575 2108 1763 2175 h6die
1797 2109 1912 2174 has
1943 2109 2081 2174 fieri
2112 2110 2402 2195 nuptias?

395 2210 498 2266 530
593 2226 598 2232 ·
698 2202 865 2266 Nam
902 2204 1130 2287 gnatus
1165 2204 1338 2286 quod
1357 2203 1717 2287 pollicitust,
1754 2203 1924 2268 haud
1944 2202 2267 2269 dubiumst
2283 2204 2461 2281 mihi,
2493 2223 2546 2263 50

701 2294 776 2363 Si
809 2295 984 2374 nolit,
1020 2296 1175 2381 quin
1209 2319 1354 2362 eum
1388 2296 1609 2362 merito
1644 2296 1879 2383 possim
1913 2297 2160 2384 cogere.

700 2392 917 2474 Atque
941 2391 1101 2457 adeo
1127 2391 1194 2456 in
1218 2391 1356 2477 ipso
1376 2393 1656 2476 tempore
1676 2413 1895 2456 eccum
1912 2391 2121 2477 ipsum
2139 2389 2461 2478 [obuiam]

1375 2483 1732 2550 Chremem.

1141 2671 1189 2738 S
1207 2697 1231 2736 1
1247 2697 1294 2736 u
1310 2695 1344 2734 o
1458 2671 1515 2738 C
1532 2696 1577 2736 H
1591 2696 1633 2737 u
1647 2697 1685 2736 n
1702 2697 1749 2736 u
1764 2697 1803 2736 n
1821 2694 1853 2737 s

1147 2779 1330 2824 ems
1622 2782 1671 2822 11

534 2859 627 2926 S1.
696 2860 899 2925 Iubeo
918 2858 1321 2925 Chremetem
1340 2907 1356 2923 .
1378 2908 1395 2924 .
1418 2909 1433 2924 .
1496 2858 1616 2925 Cn.
1655 2858 1719 2924 Ο
1740 2871 1801 2924 te
1819 2862 2028 2945 ipsum
2045 2861 2572 2945 quaerebam.111,s

1379 2951 1472 3018 S1.
1508 2953 1597 3017 Et
1632 2975 1751 3039 ego
1786 2963 1878 3018 te:
1916 2964 2130 3038 optato
2165 2955 2453 3020 aduenis.

536 3045 656 3111 Cn.
701 3046 985 3130 Aliquod
1027 3068 1128 3110 me
1173 3045 1481 3122 adierunt,
1528 3048 1607 3110 ex
1651 3058 1713 3111 te
1758 3046 2044 3112 auditum
2079 3048 2187 3131 qui
2223 3049 2463 3127 aibant,

1377 3138 1562 3205 hodie
1596 3140 1792 3204 filiam

396 3248 500 3304 535
702 3232 923 3298 Meam
966 3232 1202 3298 nubere
1243 3243 1353 3298 tuo
1400 3237 1620 3320 gnato:
1666 3234 1733 3298 id
1766 3235 1903 3298 uiso
1940 3235 2089 3300 tt'me
2124 3258 2206 3298 an
2240 3235 2329 3300 illi
2362 3237 2464 3301 in-

1376 3328 1640 3393 saniant.

535 3420 625 3488 S1.
698 3421 1009 3486 Ausculta
1032 3421 1275 3506 paucis:
1314 3419 1439 3507 [et]
1468 3423 1623 3506 quid
1649 3444 1769 3508 ego
1796 3431 1859 3487 te
1887 3421 2078 3487 uelim
2105 3423 2165 3486 et
2193 3433 2261 3488 tu
2287 3424 2463 3507 quod

1378 3518 1626 3599 quaeris
1662 3516 1840 3580 scies.

536 3608 656 3674 CH.
701 3608 1042 3672 Ausculto:
1078 3607 1334 3691 loquere
1370 3609 1525 3692 quid
1559 3609 1737 3674 uelis.
2516 3630 2547 3672 5

535 3703 627 3769 S1.
698 3702 828 3766 Per
862 3703 924 3765 te
960 3701 1111 3766 deos
1146 3721 1256 3764 oro
1291 3711 1355 3766 et
1386 3704 1663 3767 nostram
1700 3702 2059 3779 amicitiam,
2096 3700 2424 3780 Chremes,

704 3795 892 3877 Quae
925 3794 1174 3879 incepta
1207 3817 1248 3858 a
1279 3795 1493 3878 paruis
1520 3816 1666 3859 cum
1693 3798 1898 3861 aetate
1934 3796 2215 3861 adcreuit
2248 3796 2458 3876 simul,

397 3907 498 3962 540
699 3890 956 3972 Perque
988 3887 1239 3952 {micam
1276 3891 1533 3972 gnatam
1572 3900 1746 3953 tuam
1783 3900 1844 3954 et
1880 3891 2144 3977 gnatum
2178 3913 2413 3968 meum,

703 3983 954 4065 Quoius
987 3982 1102 4046 tibi
1135 3992 1413 4067 potestas
1450 3985 1697 4048 summa
1731 3985 2025 4050 seruandi
2058 3984 2263 4061 datur,

701 4080 792 4146 Vt
825 4100 927 4145 me
961 4076 1224 4144 adiuues
1256 4077 1325 4144 in
1357 4076 1479 4144 hac
1510 4100 1579 4144 re
1614 4088 1802 4164 atque
1834 4079 1923 4144 ita
1957 4079 2051 4143 uti
2084 4079 2339 4165 nuptiae
2490 4101 2549 4144 ιο
