2725 4650
1058 260 1398 307 PRAEFATIO
2231 259 2311 309 IX

144 382 201 423 re
243 372 334 423 tas
401 370 614 425 variato
679 372 914 425 clamore
972 374 1025 427 ei
1080 373 1214 427 vitio
1249 372 1545 428 Eunuchus
1556 374 2015 431 contaminatione
2025 375 2309 431 confectae

147 438 218 491 da
259 442 375 492 ant.
413 440 486 493 ab
503 439 662 493 initio
681 441 824 493 enim
843 440 1000 494 latini
1016 447 1214 511 poetae
1250 446 1391 495 sunt.
1437 442 1635 497 deinde
1656 459 1787 497 vero
1803 443 1981 499 critici
1996 444 2143 498 illius
2160 451 2309 499 aeta-

143 506 273 561 inde
299 523 337 560 a
357 506 522 561 Livio
544 508 878 576 AndronicO,
911 525 1035 562 cum
1057 526 1213 580 grae—
1248 508 1320 562 tis
1349 526 1573 579 prorsus
1604 526 1773 565 novas
1804 529 1909 567 nec
1935 512 2049 566 iam
2082 513 2153 566 ab
2186 512 2311 567 aliis

145 590 238 628 cas
297 573 522 629 fabulas
573 576 744 630 latine
799 580 1098 645 verterent,
1154 578 1215 631 id
1247 582 1511 632 tractatas
1558 595 1676 633 esse
1724 580 1925 635 debere
1964 579 2183 635 fabulas
2220 581 2311 635 vel

143 642 492 710 potissimum
521 644 788 713 agebant,
829 650 892 698 ut
923 660 1016 698 eas
1051 662 1212 715 quam
1247 650 1391 699 totas
1415 647 1504 701 vel
1535 650 1720 716 partes
1745 662 1933 702 earum
1956 648 2309 717 dictitabant3

144 710 383 764 maxime
417 711 642 765 auribus
673 717 730 765 et
751 712 1000 767 sensibus
1024 714 1213 784 populi
1283 713 1447 767 uibus
1478 714 1640 769 dietis
1671 715 1967 771 Terentius
1999 718 2088 771 vel
2118 733 2311 771 revera

144 778 361 831 romani
379 779 770 849 adaequarent,
793 780 1051 835 subtilem
1069 797 1210 834 com·
1271 781 1493 837 abulam
1502 800 1658 837 suam
1666 798 1863 837 novam
1874 784 2309 855 esse(Ad.6sqq.)

143 847 389 916 ponendi
422 852 597 901 artem
627 848 717 902 vel
747 864 925 902 mores
935 864 1209 969 AEersona-
1246 849 1334 902 vel
1374 866 1433 903 se
1473 850 1766 905 nescivisse
1806 853 2102 922 respondet
2140 853 2311 907 alium

142 931 268 968 rum
299 914 599 986 diligenter
629 920 686 970 et
717 916 952 984 aequab’
981 915 1082 970 ‘ter
1112 933 1214 987 per
1247 921 1467 986 poetam
1514 919 1706 973 eadem
1752 919 1864 974 iam
1918 920 2107 975 fabula
2150 938 2310 975 usum

144 986 322 1037 totam
380 983 628 1037 fabulam
678 984 982 1053 descriptos
1032 984 1210 1038 minus
1247 1000 1368 1039 esse
1387 986 1545 1051 (Eun.
1567 987 1633 1040 19
1656 994 1815 1057 sqq.),
1841 987 2001 1042 simul
2018 990 2309 1043 ostendens

143 1055 403 1105 curantes
415 1066 580 1120 quam
600 1053 949 1120 easvirtutes,
962 1067 1105 1121 quae
1122 1070 1208 1107 ru-
1246 1052 1340 1119 (ib.
1385 1053 1469 1107 27.
1513 1054 1581 1108 35
1621 1063 1763 1135 sqq.)
1808 1056 1946 1109 nihil
1989 1057 2206 1126 peccati
2248 1056 2311 1111 in

146 1119 301 1171 dium
320 1124 378 1173 et
392 1120 776 1175 illiteratorum
793 1120 1070 1175 hominum
1095 1121 1208 1175 ani-
1247 1135 1311 1173 eo
1333 1120 1515 1175 inesse
1547 1121 1655 1175 sibi
1678 1124 1870 1191 Videri,
1904 1125 2050 1193 quod
2083 1126 2319 1179 eaedem-

143 1203 266 1253 mos
283 1186 507 1241 allicere
529 1193 585 1241 et
603 1194 826 1258 captare
849 1195 1088 1259 possent,
1121 1206 1209 1243 ac—
1245 1204 1479 1259 graecae
1511 1190 1734 1244 fabulae
1768 1196 1865 1245 aut
1903 1200 2090 1262 partes
2123 1210 2310 1247 earum

139 1254 311 1308 tionis
333 1256 656 1309 varietatem
675 1262 731 1310 et
747 1256 1105 1337 alacritatem,
1128 1257 1207 1311 in-
1245 1274 1280 1311 a
1312 1256 1539 1312 diversis
1570 1258 1755 1312 latinis
1787 1259 1965 1329 poetis
1987 1266 2304 1315 tractentur.

143 1323 348 1377 citatos
395 1323 688 1392 multisque
730 1330 787 1377 et
835 1325 1209 1394 petulantibus
1246 1324 1292 1377 si
1323 1331 1613 1395 praeterea
1636 1326 1820 1393 (Phor.
1840 1330 1893 1395 5)
1924 1328 2226 1382 adversarii
2256 1329 2309 1383 ei

140 1391 281 1445 iocis
303 1391 642 1445 intermixtos
673 1408 961 1447 sermones.
1009 1393 1211 1448 sensim
1245 1392 1629 1448 obtrectabant
1686 1395 1929 1449 ‘fabulas
1986 1396 2137 1450 tenui
2184 1412 2304 1451 esse

141 1474 276 1514 vero
299 1464 359 1513 et
379 1460 667 1529 paullatim
696 1460 901 1514 iudicio
932 1461 1210 1515 hominum
1246 1461 1489 1515 oratione
1510 1466 1566 1515 et
1583 1462 1851 1533 scriptura
1868 1464 2013 1531 leui,'
2034 1464 2097 1518 id
2112 1464 2308 1535 tetige-

143 1527 218 1581 ali
259 1528 548 1581 uantulum
605 1528 842 1598 expolito
893 1534 950 1582 et
997 1530 1208 1584 exculto
1243 1534 1388 1597 runt,
1432 1530 1581 1598 quod
1611 1561 1683 1571 —
1712 1532 1836 1585 aliis
1876 1531 2061 1587 verbis
2102 1532 2309 1587 dictum

140 1601 437 1719 ittam
445 1595 1210 1734 ὒὲῖἒζέἑῖἓέᾞζῗὲἓὲἒέ
1245 1598 1681 1745 ἓὶἶζῗωᾞὲἓε
1704 1600 1837 1721 Ὗέἒ
1859 1617 2061 1722 2„qu
2099 1602 2309 1723 {5³⁸³ssss

141 1731 394 1813 hpmines
419 1732 567 1785 docti
585 1737 641 1785 et
659 1732 829 1813 quiin
846 1731 1044 1786 litteris
1100 1682 1208 1787 βίη-
1243 1738 1422 1813 rentJo
1441 1749 1558 1787 esse
1580 1736 1894 1815 censebant.
1936 1736 2141 1818 sedatis
2161 1736 2307 1790 enim

141 1800 826 1938 &stam-333&
857 1816 981 1922 ⁸13⁰
1022 1806 1208 1922 {5222
1243 1800 2306 1953 ffi2t3223‡1{32?532‚g1223¹2³1¹35uffi553

142 1936 460 1990 comoediae
508 1936 723 2007 graecis
770 1951 937 2004 quam
975 1937 1208 1991 maxime
1245 1940 1302 1989 et
1354 1937 1631 2006 aequabili
1688 1940 1909 1995 flumine
1968 1956 2143 1994 sermo
2191 1958 2307 1994 eius

142 2004 351 2056 similes
375 2004 686 2059 evaderent.
729 2005 859 2059 hine
875 2020 1005 2059 vero
1021 2005 1208 2075 graeci
1245 2004 1465 2073 labitur,
1492 2004 1573 2059 ita
1598 2011 1662 2059 ut
1678 2006 1853 2061 Varro
1873 2007 2132 2074 (Gell.VI
2153 2009 2233 2076 14,
2254 2010 2305 2076 6)

142 2071 340 2126 coloris
385 2072 554 2125 nimio
603 2074 783 2126 studio
823 2074 1102 2127 occaecati
1143 2090 1208 2128 eo
1245 2089 1370 2126 eum
1400 2078 1465 2126 ut
1488 2074 1761 2144 exemplar
1778 2075 2078 2145 probabilis
2102 2076 2304 2131 medio-

141 2140 410 2193 obscurae
434 2140 754 2211 diligentiae
773 2142 965 2209 (Andr.
979 2142 1066 2208 21)
1084 2158 1206 2211 pro-
1245 2140 1453 2195 critatis
1472 2141 1693 2195 afferat:
1712 2142 2041 2207 &ffeocmnon
2060 2146 2305 2197 πάθεσιν

143 2207 322 2278 gressi
349 2213 501 2276 sunt,
543 2213 605 2261 ut
637 2225 909 2280 quamque
950 2226 1209 2280 graecam
1243 2209 1562 2263 excellebat.
1612 2226 1736 2263 cum
1759 2228 1828 2265 ne
1853 2213 2061 2267 comica
2084 2211 2306 2282 quidem

141 2276 480 2330 comoediam
501 2277 666 2348 plane
697 2278 972 2349 integram
994 2283 1206 2333 verten—
1242 2277 1342 2346 vis,
1387 2292 1527 2348 quae
1559 2276 1776 2349 dicitur,
1816 2280 1877 2333 in
1916 2296 1981 2335 eo
2014 2280 2306 2351 singularis

142 2345 270 2398 dam
295 2361 416 2398 esse
440 2361 616 2414 neque
640 2346 809 2399 ullam
831 2346 972 2400 alius
996 2363 1205 2402 comoe-
1243 2351 1391 2400 esset
1456 2351 1512 2399 et
1579 2363 1781 2417 graeca
1840 2349 2089 2418 exempla
2143 2350 2305 2402 nimis

143 2413 269 2467 diae
311 2429 595 2480 scaenam,
636 2415 882 2483 quamvis
922 2419 1110 2483 aptam
1153 2420 1210 2469 et
1242 2413 1403 2467 anxie
1420 2430 1667 2493 premere
1686 2415 1978 2484 videretur,
1998 2417 2303 2472 aVolcacio

139 2480 444 2534 venustatis
506 2480 712 2548 lenam,
744 2482 875 2535 addi
907 2483 1073 2536 licere
1097 2487 1204 2536 sta·
1244 2481 1493 2552 Sedigito
1509 2483 1568 2536 in
1586 2499 1793 2538 canone
1813 2484 2003 2538 decem
2021 2489 2304 2554 poetarum

136 2549 430 2602 tuerent18.
521 2549 758 2603 erentius
773 2565 902 2604 vero
921 2550 1027 2603 etsi
1041 2550 1101 2604 in
1118 2567 1204 2604 ce·
1281 2549 1503 2603 alliatae
1539 2551 1853 2605 comoediae
1886 2558 2069 2605 sextus
2092 2557 2305 2606 tant-um

137 2617 272 2670 teris
281 2617 444 2670 rebus
455 2633 656 2687 graeca
667 2618 914 2687 exempla
925 2623 1010 2671 sat
1018 2635 1204 2688 presse
1261 2633 1390 2672 oeus
1410 2618 1462 2671 ei
1479 2617 1762 2687 tribuitur,
1786 2624 1846 2673 at
1870 2620 2031 2674 valde
2048 2621 2305 2674 laudatur

136 2685 427 2752 reddebat,
438 2685 858 2739 contaminando
870 2691 1073 2755 tamen,
1084 2687 1204 2740 ubi·
1241 2703 1276 2739 a
1299 2683 1562 2740 Cicerone
1588 2691 1644 2740 et
1668 2685 1904 2741 Caesare
1934 2693 2159 2758 propter
2194 2689 2301 2742 ele-

134 2769 355 2874 {ffl'e
381 2768 668 2874 2133?
675 2753 924 2892 {Sssssflff’
941 2755 1203 2877 ἒὲἒωᾞ·
1240 2754 1923 2892 ἕὲἒὲἒὲοῗέιῑὲῗέξῗέ
1937 2756 2302 2879 ewam

137 2861 328 2958 quam’
342 2888 679 2942 aemulorum
709 2840 1092 2944 auctorizatem
1123 2864 1204 2944 se-'
1239 2906 1347 2944 uno
1388 2890 1555 2943 verbo
1588 2891 2052 2960 comprehendens
2082 2893 2162 2946 ait
2192 2893 2301 2947 Te-

133 2962 321 3012 cutus:
371 2962 430 3012 et
465 2957 680 3012 Andria
719 2962 778 3012 et
813 2959 1104 3028 Adelphoe
1152 2965 1206 3013 et
1239 2958 1477 3012 rentium
1500 2968 1614 3012 arte
1635 2958 1853 3014 vincere
1878 2960 2004 3014 diei.

201 3247 396 3302 Novae
421 3247 679 3301 editionis
703 3247 982 3318 parandae
1007 3247 1198 3300 funda·
1246 3245 1599 3314 Umpfenbach
1659 3248 1717 3300 in
1781 3248 2019 3304 editione
2074 3251 2301 3305 Terenti

131 3320 381 3370 mentum
426 3321 484 3368 et
528 3316 695 3370 debet
750 3321 805 3370 et
857 3321 1038 3386 potest
1082 3331 1199 3368 esse
1237 3313 1874 3384 (Berolini1870)magna
1892 3334 2015 3372 cum
2030 3318 2301 3374 industria

132 3389 440 3454 apparatus
494 3383 738 3453 criticus,
795 3400 958 3454 quem
1011 3384 1198 3438 Franc.
1235 3383 1324 3434 vel
1365 3398 1463 3435 sua
1500 3381 1677 3452 ipsius
1715 3386 1805 3438 vel
1838 3385 2134 3440 amicorum
2174 3404 2298 3442 con-

183 3557 238 3597 18
263 3557 465 3597 Nimium
481 3557 569 3596 hoc
589 3558 634 3595 et
655 3567 684 3596 a
708 3555 975 3595 rudimentis
991 3556 1200 3604 palliatae
1235 3556 1429 3596 beretur.
1490 3554 1711 3596 Similiter
1744 3555 1801 3596 de
1836 3567 1890 3596 ea
1924 3568 1973 3598 re
2008 3558 2064 3600 G.
2099 3561 2300 3603 Boissier

134 3608 400 3650 comoediae
434 3608 654 3657 gradatim
699 3617 962 3647 accrescens
1005 3607 1198 3646 studium
1235 3605 1355 3656 (Mel.
1377 3607 1531 3648 Graux
1557 3619 1600 3656 p.
1617 3607 1773 3647 ’19-86
1801 3605 1888 3648 ‘Les
1908 3603 2129 3660 proloques
2154 3611 2206 3651 de
2224 3611 2299 3652 Τι’-

365 3659 538 3698 fabulas
581 3669 715 3707 quam
759 3659 954 3698 maxime
1005 3658 1198 3707 integras
1233 3655 1393 3708 γεκαθ’)
1420 3658 1661 3706 disputavit
1686 3657 1775 3698 duo
1808 3669 1975 3707 genera
2000 3665 2297 3710 spectatorum

129 3712 276 3750 latine
318 3709 543 3749 reddendi
575 3710 766 3758 primam
805 3708 1199 3758 gravissimamque
1235 3710 1539 3748 Romanorum
1565 3708 1701 3747 fuisse
1730 3719 1971 3761 exponens,
1998 3712 2296 3754 litteratorum

133 3772 316 3802 causam
351 3761 514 3801 celeris
557 3771 610 3799 ac
655 3769 798 3808 paene
831 3759 1089 3808 praecipitis
1132 3760 1198 3798 in·
1236 3763 1281 3798 et
1305 3770 1333 3798 a
1358 3760 1521 3799 litteris
1548 3759 1795 3808 studiisque
1820 3763 1993 3811 graecis
2020 3774 2201 3812 prorsus
2220 3767 2297 3806 ab·

130 3813 291 3853 teritus
311 3814 408 3852 eius
425 3812 574 3861 poesis
589 3813 767 3859 generis
783 3811 920 3850 fuisse
937 3813 1058 3859 puto.
1095 3821 1199 3850 nam
1234 3811 1528 3850 horrentium.

132 3875 235 3904 cnm
253 3864 428 3912 proprii
453 3863 626 3911 ingenii
645 3861 958 3901 additamentis
984 3862 1199 3909 novisque
1286 3864 1335 3901 19
1369 3862 1441 3901 De
1474 3861 1745 3910 proprietate
1780 3863 2043 3904 'terentiani
2077 3867 2297 3906 sermonis

131 3915 519 3954 incrementorum
537 3913 770 3952 elementis
788 3913 858 3951 illi
875 3914 924 3952 in
943 3912 1038 3951 die·
1059 3913 1199 3960 magis
1235 3912 1378 3962 deque
1394 3915 1595 3952 veterum
1614 3913 1663 3951 in
1681 3923 1792 3952 eare
1803 3915 2072 3955 testimoniis
2080 3928 2124 3956 v.
2134 3917 2295 3964 Bugel-

131 3966 260 4015 quasi
295 3965 451 4006 dedita
487 3974 623 4012 opera
650 3967 860 4013 certoque
887 3961 1075 4003 consilio
1103 3963 1199 4002 abs·
1236 3963 1405 4010 brecht‚
1444 3963 1569 4003 Stud.
1606 3964 1711 4004 Ter.
1754 3975 1797 4012 p.
1834 3967 1857 4004 7
1894 3977 1988 4015 sqq.
2038 3969 2109 4008 De
2144 3968 2297 4009 indole

129 4018 344 4064 tinerent,
363 4017 465 4056 fieri
481 4024 576 4055 non
599 4015 756 4066 potuit,
776 4015 883 4064 quin
901 4017 1044 4054 totum
1061 4025 1200 4062 genus
1235 4015 1522 4064 moribusque
1546 4016 1707 4063 poetae
1733 4019 1778 4054 et
1806 4015 1862 4054 de
1888 4017 1983 4057 eius
2002 4019 2179 4067 scriptis
2196 4020 2296 4060 sub-

131 4069 222 4108 cito
249 4069 479 4110 aresceret
505 4068 552 4106 et
576 4066 626 4106 in
643 4076 705 4118 se,
732 4067 782 4108 ut
797 4067 863 4107 ita
880 4065 1040 4116 dicam,
1067 4065 1200 4106 cona-
1235 4066 1377 4106 tiliter
1393 4065 1542 4116 Bergk
1562 4066 1612 4106 in
1629 4065 1748 4106 Phil.
1767 4066 1872 4110 XVI
1888 4067 1963 4108 629
1978 4079 2043 4120 sq.
2061 4069 2244 4112 iudicat.
