2725 4650
249 396 359 468 lv,
381 397 418 452 1
1169 391 1481 456 REQYRA
2159 377 2285 444 219

528 516 754 582 Potius
789 536 981 600 quam
1017 515 1324 582 aduorsfis
1368 514 1717 581 lubidinem
1758 515 1953 580 animi
1994 513 2089 580 tui
2123 525 2287 580 esset

649 653 653 657 -
1201 632 1347 675 eum
1379 610 1489 674 sslo
1524 607 1750 693 nupta!

278 722 335 763 so
528 686 674 789 Ego
701 703 890 768 etiam
915 703 1164 768 illorum
1191 705 1330 768 esse
1357 702 1523 768 hane
1548 702 1799 787 eulpam
1824 702 2089 780 credidi,
2122 723 2285 786 quae
2318 716 2420 772 535

1197 807 1262 862 te
1296 797 1393 861 est
1426 818 1637 882 penes.

358 889 496 957 Mr.
529 889 772 956 Misera
825 911 984 954 sum.
1067 889 1187 954 Pu.
1231 889 1492 956 Vtinam
1544 892 1741 955 seiam
1780 888 1871 954 ita
1914 909 2053 954 esse
2094 887 2283 952 istuei

1203 982 1316 1046 sed
1347 1003 1520 1047 nune
1562 982 1651 1048 mi
1683 983 1751 1047 in
1795 983 2069 1048 mentem
2114 981 2288 1047 uenit

529 1074 636 1141 De
668 1075 790 1140 hae
823 1097 894 1141 re
919 1074 1090 1158 quod
1123 1076 1333 1140 loefita
1368 1098 1435 1142 es
1461 1076 1630 1152 olim,
1665 1097 1857 1159 quom
1882 1075 2062 1140 illum
2094 1097 2289 1162 gene-

1203 1190 1342 1232 rum
1379 1168 1688 1254 cepimus:

529 1262 697 1327 Nam
731 1261 1011 1347 negabas
1045 1263 1307 1346 miptam
1339 1283 1525 1346 posse
1559 1262 1761 1326 filiam
1792 1273 1966 1328 tuam
2001 1264 2063 1327 te
2096 1263 2231 1348 pati

532 1352 703 1419 Cam
750 1376 825 1420 eo
861 1354 969 1439 qui
1011 1357 1400 1420 meren-leem
1442 1366 1700 1432 amaret,
1747 1358 1857 1440 qui
1897 1357 2290 1442 pernoctaret

1205 1447 1378 1512 foris.

286 1559 338 1600 25
362 1540 500 1605 ΜΥ.
539 1539 852 1621 Quamuis
913 1562 1168 1608 causam
1237 1540 1407 1604 hune
1476 1540 1779 1625 sfispieari
1837 1561 2029 1624 quam
2084 1542 2289 1627 ipsam
2322 1545 2427 1601 540

1204 1655 1423 1698 ueram
1456 1634 1730 1698 mauolo.
1838 1659 1845 1666 ·
2054 1689 2074 1704 ,

364 1727 488 1792 ΡΗ.
534 1726 744 1792 Mfflto
779 1727 956 1812 prius
1001 1727 1158 1792 sciui
1175 1747 1385 1809 quam
1419 1737 1488 1790 tu
1522 1726 1699 1790 illum
1734 1726 1965 1794 habere
2000 1727 2287 1810 amicam,

1199 1819 1517 1904 Myrrina3
2366 1898 2371 1903 .

534 1914 774 1981 Verum
834 1914 902 1978 id
962 1913 1188 1978 uitium
1251 1914 1599 1996 m'zmquam
1662 1913 1913 1980 deereui
1972 1916 2110 1980 esse
2170 1935 2289 1999 ego

867 2079 872 2085 ‚
1208 2005 1701 2084 adulescentiae3

533 2100 702 2165 Nam
733 2101 800 2165 id
834 2100 1198 2165 innatumst.
1269 2103 1336 2164 at
1369 2100 1477 2184 pol
1510 2099 1638 2164 iam
1673 2100 1890 2176 aderit,
1935 2102 2003 2165 se
2038 2121 2290 2186 quoque

1206 2193 1395 2260 etiam
1431 2213 1624 2276 quom
1660 2193 1878 2258 oderit.

403 2349 406 2352 .
537 2286 669 2354 Sed
702 2297 775 2352 ut
810 2287 961 2353 olim
1002 2297 1066 2353 te
1109 2286 1457 2365 ostendisti,
1503 2287 1722 2352 eadem
1774 2309 1911 2352 esse
1952 2287 2043 2353 nss
2086 2309 2291 2353 cessa·

1204 2380 1356 2445 uisti
1388 2381 1591 2465 {leque
1626 2379 1851 2456 adhuc,
1941 2411 1947 2416 ·

285 2492 341 2532 ³0
534 2474 624 2542 Vt
657 2474 856 2539 filiam
891 2475 972 2538 ab
1008 2496 1084 2541 eo
1120 2473 1466 2539 abddeeres
1499 2495 1625 2538 neu
1658 2473 1831 2558 quod
1866 2495 1985 2559 ego
2022 2474 2292 2559 egissem
2324 2480 2427 2535 545

1209 2568 1376 2631 esset
1406 2576 1633 2631 ratum.

535 2660 615 2725 Id
645 2663 814 2725 m'me
839 2682 940 2726 res
966 2659 1268 2725 indicium
1295 2659 1455 2724 haee
1480 2659 1653 2737 facit,
1689 2680 1814 2743 quo
1841 2661 2026 2745 paeto
2051 2660 2291 2727 factum

1204 2752 1500 2818 uolueris.

367 2847 498 2912 MY.
532 2828 764 2912 Adeon
781 2869 883 2912 me
901 2868 1038 2911 esse
1057 2846 1453 2932 peruieaeem
1470 2847 1707 2923 censes,
1726 2845 1875 2930 quoi
1896 2848 2097 2914 mater
2112 2846 2289 2927 siem,

533 2921 626 3006 Vt
669 2962 744 3006 eo
787 2962 989 3006 essem
1032 2940 1263 3017 anime,
1315 2940 1370 3005 si
1421 2941 1502 3005 ex
1544 2962 1665 3005 usu
1708 2950 1871 3007 esset
1910 2942 2125 3007 nostro
2168 2943 2290 3009 hoe
2412 2984 2421 3025 ·.

1208 3033 1713 3099 mati-Imonium?

367 3129 490 3195 Pa.
533 3128 681 3195 Tfin
713 3127 1072 3213 prospicere
1104 3136 1213 3192 aut
1245 3127 1525 3193 iddicare
1556 3129 1833 3193 nostram
1860 3128 1928 3194 in
1960 3150 2095 3193 rem
2118 3130 2291 3214 quod

1209 3223 1288 3284 sit
1321 3221 1539 3305 potes?

292 3334 346 3377 35
539 3313 794 3379 Addisti
820 3335 901 3379 ex
929 3313 1134 3398 aliquo
1162 3313 1449 3391 fortasse,
1485 3317 1595 3397 qui
1627 3313 1861 3379 uidisse
1888 3336 2032 3381 eum
2058 3314 2291 3380 diceret
2324 3330 2426 3385 550

538 3409 896 3474 Exeuntem
949 3417 1060 3472 aut
1105 3410 1270 3472 intro
1322 3417 1577 3473 euntem
1634 3406 1717 3471 ad
1775 3409 2059 3472 amicam.
2136 3408 2290 3492 quid

1213 3511 1348 3565 tum
1383 3499 1635 3585 postea?

539 3595 614 3663 Si
661 3595 941 3661 modeste
993 3615 1070 3659 ao
1118 3596 1259 3659 raro
1308 3593 1460 3657 feeit
1507 3588 1741 3677 [haee],
1791 3593 1996 3657 nonne
2047 3616 2123 3659 ea
2164 3594 2291 3659 dis-

1209 3686 1505 3753 simulare
1539 3706 1654 3749 nos

537 3784 753 3869 Magis
795 3781 1202 3846 humanumst
1243 3782 1436 3864 quam
1487 3778 1637 3843 dare
1687 3800 1942 3863 operam
1991 3780 2057 3844 id
2110 3782 2288 3859 seire,

1211 3872 1321 3958 qui
1355 3894 1471 3937 nos
1503 3871 1739 3937 oderit?

541 3970 707 4034 Nam
743 3968 795 4033 si
828 3969 881 4032 is
915 3976 1128 4053 posset
1169 3966 1252 4031 ab
1287 3988 1363 4030 ea
1397 3987 1534 4030 sese
1570 3965 1905 4051 derepente
1940 3966 2231 4044 auellere,

295 4083 349 4123 ιο
543 4062 836 4144 Quacum
869 4072 960 4128 tot
996 4062 1359 4127 consuesset
1393 4080 1610 4138 annos,
1644 4059 1768 4124 non
1802 4081 1947 4125 eum
1974 4058 2287 4127 hominem
2324 4066 2427 4123 555

1215 4152 1509 4217 dfieerem
