<?xml version="1.0" encoding="UTF-8"?>
<!DOCTYPE html PUBLIC "-//W3C//DTD XHTML 1.0 Transitional//EN"
    "http://www.w3.org/TR/xhtml1/DTD/xhtml1-transitional.dtd">
<html xmlns="http://www.w3.org/1999/xhtml" xml:lang="en" lang="en">
 <head>
  <title>
</title>
<meta http-equiv="Content-Type" content="text/html;charset=utf-8" />
  <meta name='ocr-system' content='tesseract 3.04.00' />
  <meta name='ocr-capabilities' content='ocr_page ocr_carea ocr_par ocr_line ocrx_word'/>
</head>
<body>
  <div class='ocr_page' id='page_1' title='image "./pterentiafricom02dziagoog_0169.png"; bbox 0 0 2725 4650; ppageno 0'>
   <div class='ocr_carea' id='block_1_1' title="bbox 206 345 2230 429">
    <p class='ocr_par' dir='ltr' id='par_1_1' title="bbox 206 345 2230 429">
     <span class='ocr_line' id='line_1_1' title="bbox 206 345 2230 429; baseline -0 -15"><span class='ocrx_word' id='word_1_1' title='bbox 206 355 311 429; x_wconf 84' lang='lat'>111,</span> <span class='ocrx_word' id='word_1_2' title='bbox 334 360 385 414; x_wconf 81' lang='lat'><strong>2.</strong></span> <span class='ocrx_word' id='word_1_3' title='bbox 411 359 447 415; x_wconf 85' lang='lat'><strong>3</strong></span> <span class='ocrx_word' id='word_1_4' title='bbox 1063 357 1475 419; x_wconf 74' lang='lat' dir='ltr'><strong>EvaoHvs</strong></span> <span class='ocrx_word' id='word_1_5' title='bbox 2103 345 2230 418; x_wconf 77' lang='grc'><strong>,121</strong></span> 
     </span>
    </p>
   </div>
   <div class='ocr_carea' id='block_1_2' title="bbox 307 483 2371 830">
    <p class='ocr_par' dir='ltr' id='par_1_2' title="bbox 307 483 2371 830">
     <span class='ocr_line' id='line_1_2' title="bbox 477 483 2371 569; baseline 0.002 -21"><span class='ocrx_word' id='word_1_6' title='bbox 477 483 623 548; x_wconf 82' lang='lat' dir='ltr'><strong>Vna</strong></span> <span class='ocrx_word' id='word_1_7' title='bbox 654 485 747 549; x_wconf 88' lang='lat' dir='ltr'><strong>ire</strong></span> <span class='ocrx_word' id='word_1_8' title='bbox 782 505 927 549; x_wconf 82' lang='lat' dir='ltr'><strong>eum</strong></span> <span class='ocrx_word' id='word_1_9' title='bbox 962 483 1167 549; x_wconf 77' lang='lat' dir='ltr'><strong>amica</strong></span> <span class='ocrx_word' id='word_1_10' title='bbox 1197 486 1642 569; x_wconf 80' lang='lat' dir='ltr'><strong>imperatorem</strong></span> <span class='ocrx_word' id='word_1_11' title='bbox 1676 485 1744 550; x_wconf 86' lang='lat' dir='ltr'><strong>in</strong></span> <span class='ocrx_word' id='word_1_12' title='bbox 1775 484 1901 550; x_wconf 81' lang='lat' dir='ltr'><strong>uia.</strong></span> <span class='ocrx_word' id='word_1_13' title='bbox 2267 487 2371 540; x_wconf 85' lang='lat'><strong>495</strong></span> 
     </span>
     <span class='ocr_line' id='line_1_3' title="bbox 307 574 2128 664; baseline 0.002 -26"><span class='ocrx_word' id='word_1_14' title='bbox 307 574 466 639; x_wconf 70' lang='lat' dir='ltr'><strong>Tmz.</strong></span> <span class='ocrx_word' id='word_1_15' title='bbox 487 575 665 657; x_wconf 78' lang='lat' dir='ltr'><strong>Quid</strong></span> <span class='ocrx_word' id='word_1_16' title='bbox 698 577 815 642; x_wconf 89' lang='lat' dir='ltr'><strong>tibi</strong></span> <span class='ocrx_word' id='word_1_17' title='bbox 848 599 968 664; x_wconf 84' lang='lat' dir='ltr'><strong>ego</strong></span> <span class='ocrx_word' id='word_1_18' title='bbox 1002 578 1203 642; x_wconf 82' lang='lat' dir='ltr'><strong>multa</strong></span> <span class='ocrx_word' id='word_1_19' title='bbox 1235 578 1482 642; x_wconf 78' lang='lat' dir='ltr'><strong>dicam?</strong></span> <span class='ocrx_word' id='word_1_20' title='bbox 1513 578 1763 644; x_wconf 84' lang='lat' dir='ltr'><strong>domini·</strong></span> <span class='ocrx_word' id='word_1_21' title='bbox 1788 578 2006 650; x_wconf 81' lang='lat' dir='ltr'><strong>similis</strong></span> <span class='ocrx_word' id='word_1_22' title='bbox 2042 601 2128 643; x_wconf 86' lang='lat' dir='ltr'><strong>es.</strong></span> 
     </span>
     <span class='ocr_line' id='line_1_4' title="bbox 309 653 2235 830; baseline 0.002 -97"><span class='ocrx_word' id='word_1_23' title='bbox 309 665 434 734; x_wconf 69' lang='lat' dir='ltr'><strong>Gru.</strong></span> <span class='ocrx_word' id='word_1_24' title='bbox 477 670 809 736; x_wconf 76' lang='lat' dir='ltr'><strong>Hahahae.</strong></span> <span class='ocrx_word' id='word_1_25' title='bbox 914 671 1075 736; x_wconf 69' lang='lat' dir='ltr'><strong>Tm.</strong></span> <span class='ocrx_word' id='word_1_26' title='bbox 1136 668 1314 828; x_wconf 48' lang='lat'><strong>33¹3</strong></span> <span class='ocrx_word' id='word_1_27' title='bbox 1341 671 1570 830; x_wconf 46' lang='grc' dir='ltr'><strong>ἓξὲξ)</strong></span> <span class='ocrx_word' id='word_1_28' title='bbox 1658 669 1783 740; x_wconf 72' lang='lat' dir='ltr'><strong>Gn.</strong></span> <span class='ocrx_word' id='word_1_29' title='bbox 1835 653 2011 738; x_wconf 65' lang='lat' dir='ltr'><strong>istuc</strong></span> <span class='ocrx_word' id='word_1_30' title='bbox 2061 671 2235 757; x_wconf 91' lang='lat' dir='ltr'><strong>quod</strong></span> 
     </span>
    </p>
   </div>
   <div class='ocr_carea' id='block_1_3' title="bbox 221 853 2232 1203">
    <p class='ocr_par' dir='ltr' id='par_1_3' title="bbox 221 853 2232 1203">
     <span class='ocr_line' id='line_1_5' title="bbox 221 853 2232 966; baseline 0.001 -46"><span class='ocrx_word' id='word_1_31' title='bbox 221 870 277 911; x_wconf 70' lang='lat'><strong>4⁵</strong></span> <span class='ocrx_word' id='word_1_32' title='bbox 473 853 561 920; x_wconf 87' lang='lat' dir='ltr'><strong>Et</strong></span> <span class='ocrx_word' id='word_1_33' title='bbox 611 856 768 922; x_wconf 78' lang='lat' dir='ltr'><strong>illud</strong></span> <span class='ocrx_word' id='word_1_34' title='bbox 830 858 909 924; x_wconf 88' lang='lat' dir='ltr'><strong>de</strong></span> <span class='ocrx_word' id='word_1_35' title='bbox 969 857 1223 923; x_wconf 89' lang='lat' dir='ltr'><strong>Rhodio</strong></span> <span class='ocrx_word' id='word_1_36' title='bbox 1272 858 1523 966; x_wconf 39' lang='lat' dir='ltr'><strong>‘dietum</strong></span> <span class='ocrx_word' id='word_1_37' title='bbox 1582 880 1775 943; x_wconf 88' lang='lat' dir='ltr'><strong>quom</strong></span> <span class='ocrx_word' id='word_1_38' title='bbox 1834 858 1902 923; x_wconf 88' lang='lat' dir='ltr'><strong>in</strong></span> <span class='ocrx_word' id='word_1_39' title='bbox 1957 860 2232 925; x_wconf 86' lang='lat' dir='ltr'><strong>mentem</strong></span> 
     </span>
     <span class='ocr_line' id='line_1_6' title="bbox 474 964 2232 1202; baseline 0.001 -95"><span class='ocrx_word' id='word_1_40' title='bbox 474 1041 605 1108; x_wconf 85' lang='lat' dir='ltr'><strong>Sed</strong></span> <span class='ocrx_word' id='word_1_41' title='bbox 648 1043 845 1108; x_wconf 65' lang='lat' dir='ltr'><strong>Thetis</strong></span> <span class='ocrx_word' id='word_1_42' title='bbox 897 1043 1044 1109; x_wconf 87' lang='lat' dir='ltr'><strong>exit.</strong></span> <span class='ocrx_word' id='word_1_43' title='bbox 1140 964 1339 1202; x_wconf 47' lang='grc' dir='ltr'><strong>Ξέῗιιιῖη</strong></span> <span class='ocrx_word' id='word_1_44' title='bbox 1353 1026 1490 1110; x_wconf 77' lang='lat' dir='ltr'><strong>Abi</strong></span> <span class='ocrx_word' id='word_1_45' title='bbox 1540 1067 1722 1131; x_wconf 86' lang='lat' dir='ltr'><strong>prae,</strong></span> <span class='ocrx_word' id='word_1_46' title='bbox 1785 1067 1938 1111; x_wconf 83' lang='lat' dir='ltr'><strong>eura</strong></span> <span class='ocrx_word' id='word_1_47' title='bbox 1987 1054 2058 1109; x_wconf 90' lang='lat' dir='ltr'><strong>ut</strong></span> <span class='ocrx_word' id='word_1_48' title='bbox 2109 1046 2232 1110; x_wconf 89' lang='lat' dir='ltr'><strong>sint</strong></span> 
     </span>
     <span class='ocr_line' id='line_1_7' title="bbox 1190 1160 1319 1203; baseline -0.008 0"><span class='ocrx_word' id='word_1_49' title='bbox 1190 1160 1319 1203; x_wconf 77' lang='lat' dir='ltr'><strong>omi</strong></span> 
     </span>
    </p>
   </div>
   <div class='ocr_carea' id='block_1_4' title="bbox 217 1228 2368 2064">
    <p class='ocr_par' dir='ltr' id='par_1_4' title="bbox 217 1228 2368 1692">
     <span class='ocr_line' id='line_1_8' title="bbox 471 1228 2368 1318; baseline 0.004 -26"><span class='ocrx_word' id='word_1_50' title='bbox 471 1228 724 1294; x_wconf 63' lang='lat' dir='ltr'><strong>Pareta.</strong></span> <span class='ocrx_word' id='word_1_51' title='bbox 814 1228 935 1297; x_wconf 69' lang='lat' dir='ltr'><strong>Gn.</strong></span> <span class='ocrx_word' id='word_1_52' title='bbox 972 1230 1139 1297; x_wconf 78' lang='lat' dir='ltr'><strong>Fiat.</strong></span> <span class='ocrx_word' id='word_1_53' title='bbox 1174 1269 1259 1280; x_wconf 82' lang='lat'><strong>--</strong></span> <span class='ocrx_word' id='word_1_54' title='bbox 1294 1232 1416 1298; x_wconf 71' lang='lat' dir='ltr'><strong>Tu.</strong></span> <span class='ocrx_word' id='word_1_55' title='bbox 1452 1232 1830 1318; x_wconf 78' lang='lat' dir='ltr'><strong>Diligenter,</strong></span> <span class='ocrx_word' id='word_1_56' title='bbox 1866 1231 2153 1318; x_wconf 71' lang='lat' dir='ltr'><strong>Pythias,</strong></span> <span class='ocrx_word' id='word_1_57' title='bbox 2265 1238 2368 1292; x_wconf 84' lang='lat'><strong>500</strong></span> 
     </span>
     <span class='ocr_line' id='line_1_9' title="bbox 470 1322 2004 1405; baseline 0.004 -19"><span class='ocrx_word' id='word_1_58' title='bbox 470 1323 605 1387; x_wconf 83' lang='lat' dir='ltr'><strong>Fae</strong></span> <span class='ocrx_word' id='word_1_59' title='bbox 639 1325 840 1401; x_wconf 77' lang='lat' dir='ltr'><strong>eures,</strong></span> <span class='ocrx_word' id='word_1_60' title='bbox 876 1325 933 1388; x_wconf 86' lang='lat' dir='ltr'><strong>si</strong></span> <span class='ocrx_word' id='word_1_61' title='bbox 966 1322 1273 1391; x_wconf 84' lang='lat' dir='ltr'><strong>Chremes</strong></span> <span class='ocrx_word' id='word_1_62' title='bbox 1307 1326 1429 1392; x_wconf 84' lang='lat' dir='ltr'><strong>hoo</strong></span> <span class='ocrx_word' id='word_1_63' title='bbox 1462 1326 1626 1392; x_wconf 85' lang='lat' dir='ltr'><strong>forte</strong></span> <span class='ocrx_word' id='word_1_64' title='bbox 1661 1326 2004 1405; x_wconf 81' lang='lat' dir='ltr'><strong>aduenerit,</strong></span> 
     </span>
     <span class='ocr_line' id='line_1_10' title="bbox 471 1415 2232 1504; baseline 0.002 -22"><span class='ocrx_word' id='word_1_65' title='bbox 471 1415 563 1482; x_wconf 81' lang='lat' dir='ltr'><strong>Vt</strong></span> <span class='ocrx_word' id='word_1_66' title='bbox 607 1419 769 1495; x_wconf 79' lang='lat' dir='ltr'><strong>eres,</strong></span> <span class='ocrx_word' id='word_1_67' title='bbox 822 1419 1097 1504; x_wconf 87' lang='lat' dir='ltr'><strong>primum</strong></span> <span class='ocrx_word' id='word_1_68' title='bbox 1147 1433 1219 1484; x_wconf 88' lang='lat' dir='ltr'><strong>ut</strong></span> <span class='ocrx_word' id='word_1_69' title='bbox 1268 1421 1485 1486; x_wconf 81' lang='lat' dir='ltr'><strong>redeat</strong></span> <span class='ocrx_word' id='word_1_70' title='bbox 1495 1445 1514 1497; x_wconf 92' lang='lat'>;</span> <span class='ocrx_word' id='word_1_71' title='bbox 1567 1420 1621 1484; x_wconf 86' lang='lat' dir='ltr'><strong>si</strong></span> <span class='ocrx_word' id='word_1_72' title='bbox 1667 1420 1737 1484; x_wconf 92' lang='lat' dir='ltr'><strong>id</strong></span> <span class='ocrx_word' id='word_1_73' title='bbox 1785 1441 1911 1486; x_wconf 88' lang='lat' dir='ltr'><strong>non</strong></span> <span class='ocrx_word' id='word_1_74' title='bbox 1955 1423 2232 1486; x_wconf 78' lang='lat' dir='ltr'><strong>oemmo-</strong></span> 
     </span>
     <span class='ocr_line' id='line_1_11' title="bbox 1146 1514 1379 1591; baseline 0 -13"><span class='ocrx_word' id='word_1_75' title='bbox 1146 1514 1379 1591; x_wconf 86' lang='lat' dir='ltr'><strong>dumst,</strong></span> 
     </span>
     <span class='ocr_line' id='line_1_12' title="bbox 217 1602 2120 1692; baseline 0.006 -31"><span class='ocrx_word' id='word_1_76' title='bbox 217 1621 273 1661; x_wconf 80' lang='lat'><strong>50</strong></span> <span class='ocrx_word' id='word_1_77' title='bbox 473 1602 562 1669; x_wconf 88' lang='lat' dir='ltr'><strong>Vt</strong></span> <span class='ocrx_word' id='word_1_78' title='bbox 596 1607 880 1682; x_wconf 68' lang='lat' dir='ltr'><strong>meneat3</strong></span> <span class='ocrx_word' id='word_1_79' title='bbox 916 1605 971 1670; x_wconf 90' lang='lat' dir='ltr'><strong>si</strong></span> <span class='ocrx_word' id='word_1_80' title='bbox 1002 1607 1070 1670; x_wconf 90' lang='lat' dir='ltr'><strong>id</strong></span> <span class='ocrx_word' id='word_1_81' title='bbox 1104 1629 1231 1672; x_wconf 87' lang='lat' dir='ltr'><strong>non</strong></span> <span class='ocrx_word' id='word_1_82' title='bbox 1264 1608 1516 1692; x_wconf 76' lang='lat' dir='ltr'><strong>peterit,</strong></span> <span class='ocrx_word' id='word_1_83' title='bbox 1553 1608 1636 1672; x_wconf 82' lang='lat' dir='ltr'><strong>ad</strong></span> <span class='ocrx_word' id='word_1_84' title='bbox 1670 1630 1772 1674; x_wconf 91' lang='lat' dir='ltr'><strong>me</strong></span> <span class='ocrx_word' id='word_1_85' title='bbox 1806 1607 2120 1673; x_wconf 75' lang='lat' dir='ltr'><strong>adducito.</strong></span> 
     </span>
    </p>

    <p class='ocr_par' dir='ltr' id='par_1_5' title="bbox 297 1697 2368 1956">
     <span class='ocr_line' id='line_1_13' title="bbox 297 1697 2232 1784; baseline 0.004 -25"><span class='ocrx_word' id='word_1_86' title='bbox 297 1697 417 1762; x_wconf 69' lang='lat' dir='ltr'><strong>Pr.</strong></span> <span class='ocrx_word' id='word_1_87' title='bbox 462 1697 563 1760; x_wconf 80' lang='lat' dir='ltr'><strong>Ita</strong></span> <span class='ocrx_word' id='word_1_88' title='bbox 597 1697 843 1762; x_wconf 64' lang='lat' dir='ltr'><strong>seciam.</strong></span> <span class='ocrx_word' id='word_1_89' title='bbox 931 1699 1053 1765; x_wconf 78' lang='grc' dir='ltr'><strong>ΤΗ.</strong></span> <span class='ocrx_word' id='word_1_90' title='bbox 1102 1700 1315 1780; x_wconf 80' lang='lat' dir='ltr'><strong>Quid?</strong></span> <span class='ocrx_word' id='word_1_91' title='bbox 1367 1701 1523 1784; x_wconf 88' lang='lat' dir='ltr'><strong>quid</strong></span> <span class='ocrx_word' id='word_1_92' title='bbox 1565 1701 1736 1766; x_wconf 59' lang='lat' dir='ltr'><strong>eliud</strong></span> <span class='ocrx_word' id='word_1_93' title='bbox 1780 1702 1955 1766; x_wconf 88' lang='lat' dir='ltr'><strong>uolui</strong></span> <span class='ocrx_word' id='word_1_94' title='bbox 1990 1702 2232 1767; x_wconf 79' lang='lat' dir='ltr'><strong>dicere?</strong></span> 
     </span>
     <span class='ocr_line' id='line_1_14' title="bbox 473 1789 2368 1882; baseline 0.005 -29"><span class='ocrx_word' id='word_1_95' title='bbox 473 1789 698 1868; x_wconf 86' lang='lat' dir='ltr'><strong>Ehem,</strong></span> <span class='ocrx_word' id='word_1_96' title='bbox 734 1793 949 1857; x_wconf 72' lang='lat' dir='ltr'><strong>curate</strong></span> <span class='ocrx_word' id='word_1_97' title='bbox 982 1793 1169 1858; x_wconf 80' lang='lat' dir='ltr'><strong>istam</strong></span> <span class='ocrx_word' id='word_1_98' title='bbox 1204 1794 1538 1880; x_wconf 80' lang='lat' dir='ltr'><strong>diligenter</strong></span> <span class='ocrx_word' id='word_1_99' title='bbox 1569 1796 1907 1882; x_wconf 85' lang='lat' dir='ltr'><strong>uirginem:</strong></span> <span class='ocrx_word' id='word_1_100' title='bbox 2265 1799 2368 1854; x_wconf 82' lang='lat'><strong>505</strong></span> 
     </span>
     <span class='ocr_line' id='line_1_15' title="bbox 471 1883 2232 1956; baseline 0.006 -10"><span class='ocrx_word' id='word_1_101' title='bbox 471 1883 667 1948; x_wconf 90' lang='lat' dir='ltr'>Domi</span> <span class='ocrx_word' id='word_1_102' title='bbox 700 1885 917 1950; x_wconf 81' lang='lat' dir='ltr'><strong>adsitis</strong></span> <span class='ocrx_word' id='word_1_103' title='bbox 959 1886 1168 1952; x_wconf 79' lang='lat' dir='ltr'><strong>facite.</strong></span> <span class='ocrx_word' id='word_1_104' title='bbox 1254 1888 1415 1951; x_wconf 66' lang='lat' dir='ltr'><strong>Tun.</strong></span> <span class='ocrx_word' id='word_1_105' title='bbox 1452 1887 1715 1955; x_wconf 64' lang='lat' dir='ltr'><strong>Eemus.</strong></span> <span class='ocrx_word' id='word_1_106' title='bbox 1804 1889 1924 1954; x_wconf 72' lang='lat' dir='ltr'><strong>Tu.</strong></span> <span class='ocrx_word' id='word_1_107' title='bbox 1963 1889 2095 1955; x_wconf 88' lang='lat' dir='ltr'><strong>Vos</strong></span> <span class='ocrx_word' id='word_1_108' title='bbox 2129 1912 2232 1956; x_wconf 87' lang='lat' dir='ltr'><strong>me</strong></span> 
     </span>
    </p>

    <p class='ocr_par' dir='ltr' id='par_1_6' title="bbox 636 1981 1494 2064">
     <span class='ocr_line' id='line_1_16' title="bbox 636 1981 1494 2064; baseline 0.001 -20"><span class='ocrx_word' id='word_1_109' title='bbox 636 2000 641 2004; x_wconf 87' lang='lat'>·</span> <span class='ocrx_word' id='word_1_110' title='bbox 1140 1981 1494 2064; x_wconf 77' lang='lat' dir='ltr'><strong>sequimini.</strong></span> 
     </span>
    </p>
   </div>
   <div class='ocr_carea' id='block_1_5' title="bbox 190 2165 2365 4215">
    <p class='ocr_par' dir='ltr' id='par_1_7' title="bbox 825 2165 1716 2319">
     <span class='ocr_line' id='line_1_17' title="bbox 825 2165 1716 2233; baseline 0.003 -3"><span class='ocrx_word' id='word_1_111' title='bbox 825 2165 1219 2232; x_wconf 64' lang='lat' dir='ltr'><strong>Cumanus</strong></span> <span class='ocrx_word' id='word_1_112' title='bbox 1337 2169 1716 2233; x_wconf 65' lang='lat' dir='ltr'><strong>Pwnus</strong></span> 
     </span>
     <span class='ocr_line' id='line_1_18' title="bbox 831 2274 1647 2319; baseline 0.001 -4"><span class='ocrx_word' id='word_1_113' title='bbox 831 2274 1217 2318; x_wconf 67' lang='lat' dir='ltr'><strong>Anvmsonus</strong></span> <span class='ocrx_word' id='word_1_114' title='bbox 1387 2275 1647 2319; x_wconf 61' lang='lat' dir='ltr'><strong>Ancum</strong></span> 
     </span>
    </p>

    <p class='ocr_par' dir='ltr' id='par_1_8' title="bbox 190 2351 1916 2443">
     <span class='ocr_line' id='line_1_19' title="bbox 190 2351 1916 2443; baseline 0.005 -31"><span class='ocrx_word' id='word_1_115' title='bbox 190 2371 301 2423; x_wconf 79' lang='lat'>111,3</span> <span class='ocrx_word' id='word_1_116' title='bbox 314 2351 438 2418; x_wconf 78' lang='lat' dir='ltr'><strong>Cn.</strong></span> <span class='ocrx_word' id='word_1_117' title='bbox 476 2353 773 2419; x_wconf 80' lang='lat' dir='ltr'><strong>Profecto</strong></span> <span class='ocrx_word' id='word_1_118' title='bbox 808 2366 1046 2437; x_wconf 84' lang='lat' dir='ltr'><strong>quanto</strong></span> <span class='ocrx_word' id='word_1_119' title='bbox 1081 2356 1284 2441; x_wconf 66' lang='lat' dir='ltr'><strong>meg-is</strong></span> <span class='ocrx_word' id='word_1_120' title='bbox 1318 2357 1650 2442; x_wconf 79' lang='lat' dir='ltr'><strong>magisque</strong></span> <span class='ocrx_word' id='word_1_121' title='bbox 1687 2357 1916 2443; x_wconf 78' lang='lat' dir='ltr'><strong>cegitO,</strong></span> 
     </span>
    </p>

    <p class='ocr_par' dir='ltr' id='par_1_9' title="bbox 468 2446 2227 2535">
     <span class='ocr_line' id='line_1_20' title="bbox 468 2446 2227 2535; baseline 0.003 -24"><span class='ocrx_word' id='word_1_122' title='bbox 468 2446 555 2511; x_wconf 90' lang='lat' dir='ltr'><strong>Ni</strong></span> <span class='ocrx_word' id='word_1_123' title='bbox 586 2449 817 2512; x_wconf 86' lang='lat' dir='ltr'><strong>mirum</strong></span> <span class='ocrx_word' id='word_1_124' title='bbox 844 2448 1020 2513; x_wconf 82' lang='lat' dir='ltr'><strong>dabit</strong></span> <span class='ocrx_word' id='word_1_125' title='bbox 1046 2449 1201 2515; x_wconf 82' lang='lat' dir='ltr'><strong>haee</strong></span> <span class='ocrx_word' id='word_1_126' title='bbox 1228 2449 1426 2515; x_wconf 63' lang='lat' dir='ltr'><strong>Thetis</strong></span> <span class='ocrx_word' id='word_1_127' title='bbox 1453 2449 1607 2514; x_wconf 92' lang='lat' dir='ltr'><strong>mihi</strong></span> <span class='ocrx_word' id='word_1_128' title='bbox 1633 2453 1936 2535; x_wconf 78' lang='lat' dir='ltr'><strong>magnum</strong></span> <span class='ocrx_word' id='word_1_129' title='bbox 1963 2453 2227 2526; x_wconf 70' lang='lat' dir='ltr'><strong>malum2</strong></span> 
     </span>
    </p>

    <p class='ocr_par' dir='ltr' id='par_1_10' title="bbox 470 2540 1892 2622">
     <span class='ocr_line' id='line_1_21' title="bbox 470 2540 1892 2622; baseline 0.002 -17"><span class='ocrx_word' id='word_1_130' title='bbox 470 2540 571 2606; x_wconf 82' lang='lat' dir='ltr'><strong>Ita</strong></span> <span class='ocrx_word' id='word_1_131' title='bbox 604 2543 707 2606; x_wconf 90' lang='lat' dir='ltr'><strong>me</strong></span> <span class='ocrx_word' id='word_1_132' title='bbox 740 2541 929 2607; x_wconf 88' lang='lat' dir='ltr'><strong>uideo</strong></span> <span class='ocrx_word' id='word_1_133' title='bbox 964 2542 1047 2607; x_wconf 82' lang='lat' dir='ltr'><strong>ab</strong></span> <span class='ocrx_word' id='word_1_134' title='bbox 1082 2566 1159 2609; x_wconf 77' lang='lat' dir='ltr'><strong>ea</strong></span> <span class='ocrx_word' id='word_1_135' title='bbox 1192 2545 1398 2609; x_wconf 70' lang='lat' dir='ltr'><strong>astute</strong></span> <span class='ocrx_word' id='word_1_136' title='bbox 1432 2543 1892 2622; x_wconf 69' lang='lat' dir='ltr'><strong>labefacterier,</strong></span> 
     </span>
    </p>

    <p class='ocr_par' dir='ltr' id='par_1_11' title="bbox 467 2635 2365 2722">
     <span class='ocr_line' id='line_1_22' title="bbox 467 2635 2365 2722; baseline 0.005 -24"><span class='ocrx_word' id='word_1_137' title='bbox 467 2635 606 2699; x_wconf 78' lang='lat' dir='ltr'><strong>Iam</strong></span> <span class='ocrx_word' id='word_1_138' title='bbox 639 2636 773 2699; x_wconf 79' lang='lat' dir='ltr'><strong>tum</strong></span> <span class='ocrx_word' id='word_1_139' title='bbox 807 2657 999 2718; x_wconf 88' lang='lat' dir='ltr'><strong>quom</strong></span> <span class='ocrx_word' id='word_1_140' title='bbox 1031 2637 1306 2722; x_wconf 90' lang='lat' dir='ltr'><strong>primum</strong></span> <span class='ocrx_word' id='word_1_141' title='bbox 1331 2637 1514 2702; x_wconf 79' lang='lat' dir='ltr'><strong>iussit</strong></span> <span class='ocrx_word' id='word_1_142' title='bbox 1546 2660 1648 2703; x_wconf 90' lang='lat' dir='ltr'><strong>me</strong></span> <span class='ocrx_word' id='word_1_143' title='bbox 1683 2638 1767 2703; x_wconf 82' lang='lat' dir='ltr'><strong>ad</strong></span> <span class='ocrx_word' id='word_1_144' title='bbox 1802 2660 1870 2703; x_wconf 86' lang='lat' dir='ltr'><strong>se</strong></span> <span class='ocrx_word' id='word_1_145' title='bbox 1905 2639 2227 2705; x_wconf 81' lang='lat' dir='ltr'><strong>aooersier.</strong></span> <span class='ocrx_word' id='word_1_146' title='bbox 2262 2653 2365 2708; x_wconf 84' lang='lat'><strong>510</strong></span> 
     </span>
    </p>

    <p class='ocr_par' dir='ltr' id='par_1_12' title="bbox 240 2728 2229 2909">
     <span class='ocr_line' id='line_1_23' title="bbox 240 2728 2229 2814; baseline 0.006 -26"><span class='ocrx_word' id='word_1_147' title='bbox 240 2746 269 2787; x_wconf 79' lang='lat'>⁵</span> <span class='ocrx_word' id='word_1_148' title='bbox 470 2728 680 2814; x_wconf 83' lang='lat' dir='ltr'><strong>Roget</strong></span> <span class='ocrx_word' id='word_1_149' title='bbox 722 2731 864 2812; x_wconf 84' lang='lat' dir='ltr'><strong>quis</strong></span> <span class='ocrx_word' id='word_1_150' title='bbox 920 2731 1103 2814; x_wconf 91' lang='lat' dir='ltr'><strong>‘quid</strong></span> <span class='ocrx_word' id='word_1_151' title='bbox 1150 2730 1243 2800; x_wconf 73' lang='lat' dir='ltr'><strong>rei</strong></span> <span class='ocrx_word' id='word_1_152' title='bbox 1293 2730 1410 2795; x_wconf 86' lang='lat' dir='ltr'><strong>tibi</strong></span> <span class='ocrx_word' id='word_1_153' title='bbox 1461 2753 1606 2797; x_wconf 84' lang='lat' dir='ltr'><strong>eum</strong></span> <span class='ocrx_word' id='word_1_154' title='bbox 1655 2732 1826 2796; x_wconf 80' lang='lat' dir='ltr'>ssla?&#39;</span> <span class='ocrx_word' id='word_1_155' title='bbox 1879 2754 1960 2797; x_wconf 88' lang='lat' dir='ltr'><strong>ne</strong></span> <span class='ocrx_word' id='word_1_156' title='bbox 2009 2737 2229 2799; x_wconf 62' lang='lat' dir='ltr'><strong>norem</strong></span> 
     </span>
     <span class='ocr_line' id='line_1_24' title="bbox 1146 2824 1424 2909; baseline -0.004 -19"><span class='ocrx_word' id='word_1_157' title='bbox 1146 2824 1424 2909; x_wconf 88' lang='lat' dir='ltr'><strong>quidem.</strong></span> 
     </span>
    </p>

    <p class='ocr_par' dir='ltr' id='par_1_13' title="bbox 468 2914 2060 3005">
     <span class='ocr_line' id='line_1_25' title="bbox 468 2914 2060 3005; baseline 0.003 -24"><span class='ocrx_word' id='word_1_158' title='bbox 468 2914 601 2981; x_wconf 85' lang='lat' dir='ltr'><strong>Vbi</strong></span> <span class='ocrx_word' id='word_1_159' title='bbox 632 2917 801 2993; x_wconf 81' lang='lat' dir='ltr'><strong>ueni,</strong></span> <span class='ocrx_word' id='word_1_160' title='bbox 842 2939 1119 2995; x_wconf 75' lang='lat' dir='ltr'><strong>oausam,</strong></span> <span class='ocrx_word' id='word_1_161' title='bbox 1153 2930 1225 2983; x_wconf 87' lang='lat' dir='ltr'><strong>ut</strong></span> <span class='ocrx_word' id='word_1_162' title='bbox 1256 2919 1349 2983; x_wconf 89' lang='lat' dir='ltr'><strong>ibi</strong></span> <span class='ocrx_word' id='word_1_163' title='bbox 1381 2941 1723 2996; x_wconf 84' lang='lat' dir='ltr'><strong>manerem,</strong></span> <span class='ocrx_word' id='word_1_164' title='bbox 1758 2920 2060 3005; x_wconf 74' lang='lat' dir='ltr'><strong>repperitz</strong></span> 
     </span>
    </p>

    <p class='ocr_par' dir='ltr' id='par_1_14' title="bbox 468 3009 1859 3079">
     <span class='ocr_line' id='line_1_26' title="bbox 468 3009 1859 3079; baseline 0.004 -7"><span class='ocrx_word' id='word_1_165' title='bbox 468 3009 583 3073; x_wconf 88' lang='lat' dir='ltr'><strong>Ait</strong></span> <span class='ocrx_word' id='word_1_166' title='bbox 616 3012 751 3073; x_wconf 88' lang='lat' dir='ltr'><strong>rem</strong></span> <span class='ocrx_word' id='word_1_167' title='bbox 786 3010 1065 3076; x_wconf 86' lang='lat' dir='ltr'><strong>diuinam</strong></span> <span class='ocrx_word' id='word_1_168' title='bbox 1100 3012 1329 3079; x_wconf 81' lang='lat' dir='ltr'><strong>fecisse</strong></span> <span class='ocrx_word' id='word_1_169' title='bbox 1366 3024 1429 3078; x_wconf 84' lang='lat' dir='ltr'><strong>et</strong></span> <span class='ocrx_word' id='word_1_170' title='bbox 1462 3036 1596 3078; x_wconf 91' lang='lat' dir='ltr'><strong>rem</strong></span> <span class='ocrx_word' id='word_1_171' title='bbox 1633 3013 1859 3077; x_wconf 80' lang='lat' dir='ltr'><strong>seriam</strong></span> 
     </span>
    </p>

    <p class='ocr_par' dir='ltr' id='par_1_15' title="bbox 467 3103 2026 3193">
     <span class='ocr_line' id='line_1_27' title="bbox 467 3103 2026 3193; baseline 0.003 -25"><span class='ocrx_word' id='word_1_172' title='bbox 467 3103 651 3169; x_wconf 90' lang='lat' dir='ltr'><strong>Velle</strong></span> <span class='ocrx_word' id='word_1_173' title='bbox 684 3106 879 3191; x_wconf 69' lang='lat' dir='ltr'><strong>egere</strong></span> <span class='ocrx_word' id='word_1_174' title='bbox 909 3128 1178 3172; x_wconf 86' lang='lat' dir='ltr'><strong>meeum.</strong></span> <span class='ocrx_word' id='word_1_175' title='bbox 1250 3106 1380 3171; x_wconf 61' lang='lat' dir='ltr'><strong>iem</strong></span> <span class='ocrx_word' id='word_1_176' title='bbox 1415 3117 1550 3173; x_wconf 90' lang='lat' dir='ltr'><strong>tum</strong></span> <span class='ocrx_word' id='word_1_177' title='bbox 1585 3117 1720 3173; x_wconf 83' lang='lat' dir='ltr'><strong>erat</strong></span> <span class='ocrx_word' id='word_1_178' title='bbox 1755 3108 2026 3193; x_wconf 75' lang='lat' dir='ltr'><strong>suspicio</strong></span> 
     </span>
    </p>

    <p class='ocr_par' dir='ltr' id='par_1_16' title="bbox 208 3195 2364 3377">
     <span class='ocr_line' id='line_1_28' title="bbox 465 3195 2364 3286; baseline 0.007 -27"><span class='ocrx_word' id='word_1_179' title='bbox 465 3195 637 3261; x_wconf 79' lang='lat' dir='ltr'><strong>Dole</strong></span> <span class='ocrx_word' id='word_1_180' title='bbox 670 3198 837 3262; x_wconf 86' lang='lat' dir='ltr'><strong>malo</strong></span> <span class='ocrx_word' id='word_1_181' title='bbox 874 3197 1033 3264; x_wconf 84' lang='lat' dir='ltr'><strong>haee</strong></span> <span class='ocrx_word' id='word_1_182' title='bbox 1066 3199 1203 3265; x_wconf 91' lang='lat' dir='ltr'><strong>fieri</strong></span> <span class='ocrx_word' id='word_1_183' title='bbox 1238 3200 1467 3265; x_wconf 77' lang='lat' dir='ltr'><strong>emnia.</strong></span> <span class='ocrx_word' id='word_1_184' title='bbox 1536 3200 1676 3286; x_wconf 80' lang='lat' dir='ltr'><strong>ipsa</strong></span> <span class='ocrx_word' id='word_1_185' title='bbox 1710 3200 2086 3267; x_wconf 78' lang='lat' dir='ltr'><strong>adcumbere</strong></span> <span class='ocrx_word' id='word_1_186' title='bbox 2262 3217 2364 3273; x_wconf 85' lang='lat'><strong>515</strong></span> 
     </span>
     <span class='ocr_line' id='line_1_29' title="bbox 208 3290 2064 3377; baseline 0.005 -28"><span class='ocrx_word' id='word_1_187' title='bbox 208 3312 265 3350; x_wconf 76' lang='grc' dir='ltr'><strong>ιο</strong></span> <span class='ocrx_word' id='word_1_188' title='bbox 466 3290 745 3367; x_wconf 77' lang='lat' dir='ltr'><strong>Mecum,</strong></span> <span class='ocrx_word' id='word_1_189' title='bbox 782 3290 938 3357; x_wconf 93' lang='lat' dir='ltr'><strong>mihi</strong></span> <span class='ocrx_word' id='word_1_190' title='bbox 972 3314 1113 3358; x_wconf 87' lang='lat' dir='ltr'><strong>sese</strong></span> <span class='ocrx_word' id='word_1_191' title='bbox 1147 3294 1319 3371; x_wconf 66' lang='lat' dir='ltr'><strong>dere,</strong></span> <span class='ocrx_word' id='word_1_192' title='bbox 1356 3315 1711 3360; x_wconf 87' lang='lat' dir='ltr'><strong>sermonem</strong></span> <span class='ocrx_word' id='word_1_193' title='bbox 1743 3296 2064 3377; x_wconf 74' lang='lat' dir='ltr'><strong>quaerere.</strong></span> 
     </span>
    </p>

    <p class='ocr_par' dir='ltr' id='par_1_17' title="bbox 466 3383 1990 3473">
     <span class='ocr_line' id='line_1_30' title="bbox 466 3383 1990 3473; baseline 0 -22"><span class='ocrx_word' id='word_1_194' title='bbox 466 3384 599 3451; x_wconf 90' lang='lat' dir='ltr'><strong>Vbi</strong></span> <span class='ocrx_word' id='word_1_195' title='bbox 633 3383 845 3470; x_wconf 83' lang='lat' dir='ltr'><strong>friget,</strong></span> <span class='ocrx_word' id='word_1_196' title='bbox 881 3385 1007 3451; x_wconf 83' lang='lat' dir='ltr'><strong>hue</strong></span> <span class='ocrx_word' id='word_1_197' title='bbox 1042 3387 1265 3465; x_wconf 70' lang='lat' dir='ltr'><strong>emisit,</strong></span> <span class='ocrx_word' id='word_1_198' title='bbox 1302 3410 1495 3473; x_wconf 82' lang='lat' dir='ltr'><strong>quam</strong></span> <span class='ocrx_word' id='word_1_199' title='bbox 1529 3388 1776 3473; x_wconf 87' lang='lat' dir='ltr'><strong>pridem</strong></span> <span class='ocrx_word' id='word_1_200' title='bbox 1810 3401 1990 3472; x_wconf 82' lang='lat' dir='ltr'><strong>pater</strong></span> 
     </span>
    </p>

    <p class='ocr_par' dir='ltr' id='par_1_18' title="bbox 464 3478 2052 3560">
     <span class='ocr_line' id='line_1_31' title="bbox 464 3478 2052 3560; baseline 0.003 -16"><span class='ocrx_word' id='word_1_201' title='bbox 464 3478 632 3544; x_wconf 92' lang='lat' dir='ltr'><strong>Mihi</strong></span> <span class='ocrx_word' id='word_1_202' title='bbox 666 3489 727 3545; x_wconf 87' lang='lat' dir='ltr'><strong>et</strong></span> <span class='ocrx_word' id='word_1_203' title='bbox 760 3480 961 3546; x_wconf 64' lang='lat' dir='ltr'><strong>meter</strong></span> <span class='ocrx_word' id='word_1_204' title='bbox 995 3482 1224 3547; x_wconf 85' lang='lat' dir='ltr'><strong>mortui</strong></span> <span class='ocrx_word' id='word_1_205' title='bbox 1259 3482 1491 3549; x_wconf 81' lang='lat' dir='ltr'><strong>essent.</strong></span> <span class='ocrx_word' id='word_1_206' title='bbox 1565 3483 1725 3560; x_wconf 83' lang='lat' dir='ltr'><strong>dieo,</strong></span> <span class='ocrx_word' id='word_1_207' title='bbox 1759 3482 1887 3546; x_wconf 70' lang='lat' dir='ltr'><strong>isim</strong></span> <span class='ocrx_word' id='word_1_208' title='bbox 1923 3482 2052 3548; x_wconf 89' lang='lat' dir='ltr'><strong>diu.</strong></span> 
     </span>
    </p>

    <p class='ocr_par' dir='ltr' id='par_1_19' title="bbox 464 3574 2225 3661">
     <span class='ocr_line' id='line_1_32' title="bbox 464 3574 2225 3661; baseline 0.002 -21"><span class='ocrx_word' id='word_1_209' title='bbox 464 3574 602 3640; x_wconf 88' lang='lat' dir='ltr'><strong>Rus</strong></span> <span class='ocrx_word' id='word_1_210' title='bbox 636 3575 885 3659; x_wconf 86' lang='lat' dir='ltr'><strong>eoquod</strong></span> <span class='ocrx_word' id='word_1_211' title='bbox 918 3576 1189 3641; x_wconf 76' lang='lat' dir='ltr'><strong>habeam</strong></span> <span class='ocrx_word' id='word_1_212' title='bbox 1227 3575 1391 3641; x_wconf 78' lang='lat' dir='ltr'><strong>Suni</strong></span> <span class='ocrx_word' id='word_1_213' title='bbox 1424 3586 1488 3641; x_wconf 86' lang='lat' dir='ltr'><strong>et</strong></span> <span class='ocrx_word' id='word_1_214' title='bbox 1521 3598 1714 3660; x_wconf 81' lang='lat' dir='ltr'><strong>quam</strong></span> <span class='ocrx_word' id='word_1_215' title='bbox 1747 3576 1938 3661; x_wconf 89' lang='lat' dir='ltr'><strong>longe</strong></span> <span class='ocrx_word' id='word_1_216' title='bbox 1971 3579 2012 3639; x_wconf 69' lang='grc' dir='ltr'><strong>ά</strong></span> <span class='ocrx_word' id='word_1_217' title='bbox 2046 3579 2225 3644; x_wconf 82' lang='lat' dir='ltr'><strong>mari.</strong></span> 
     </span>
    </p>

    <p class='ocr_par' dir='ltr' id='par_1_20' title="bbox 203 3666 2362 3849">
     <span class='ocr_line' id='line_1_33' title="bbox 465 3666 2362 3755; baseline 0.004 -23"><span class='ocrx_word' id='word_1_218' title='bbox 465 3666 677 3733; x_wconf 90' lang='lat' dir='ltr'><strong>Credo</strong></span> <span class='ocrx_word' id='word_1_219' title='bbox 712 3670 772 3733; x_wconf 90' lang='lat' dir='ltr'><strong>ei</strong></span> <span class='ocrx_word' id='word_1_220' title='bbox 804 3671 1052 3755; x_wconf 79' lang='lat' dir='ltr'><strong>plaeere</strong></span> <span class='ocrx_word' id='word_1_221' title='bbox 1086 3669 1235 3736; x_wconf 83' lang='lat' dir='ltr'><strong>hoo:</strong></span> <span class='ocrx_word' id='word_1_222' title='bbox 1272 3672 1485 3755; x_wconf 80' lang='lat' dir='ltr'><strong>sperat</strong></span> <span class='ocrx_word' id='word_1_223' title='bbox 1517 3692 1587 3735; x_wconf 92' lang='lat' dir='ltr'><strong>se</strong></span> <span class='ocrx_word' id='word_1_224' title='bbox 1621 3693 1662 3735; x_wconf 80' lang='lat' dir='ltr'><strong>a</strong></span> <span class='ocrx_word' id='word_1_225' title='bbox 1693 3691 1796 3735; x_wconf 91' lang='lat' dir='ltr'><strong>me</strong></span> <span class='ocrx_word' id='word_1_226' title='bbox 1831 3669 2123 3735; x_wconf 79' lang='lat' dir='ltr'><strong>auellere.</strong></span> <span class='ocrx_word' id='word_1_227' title='bbox 2258 3684 2362 3739; x_wconf 83' lang='lat'><strong>520</strong></span> 
     </span>
     <span class='ocr_line' id='line_1_34' title="bbox 203 3761 2020 3849; baseline 0.001 -25"><span class='ocrx_word' id='word_1_228' title='bbox 203 3782 262 3825; x_wconf 68' lang='grc' dir='ltr'><strong>ιο</strong></span> <span class='ocrx_word' id='word_1_229' title='bbox 460 3761 816 3840; x_wconf 86' lang='lat' dir='ltr'><strong>Postremo,</strong></span> <span class='ocrx_word' id='word_1_230' title='bbox 851 3784 1055 3846; x_wconf 77' lang='lat' dir='ltr'><strong>ecqua</strong></span> <span class='ocrx_word' id='word_1_231' title='bbox 1085 3762 1233 3829; x_wconf 87' lang='lat' dir='ltr'><strong>inde</strong></span> <span class='ocrx_word' id='word_1_232' title='bbox 1266 3767 1468 3849; x_wconf 58' lang='lat' dir='ltr'><strong>parua</strong></span> <span class='ocrx_word' id='word_1_233' title='bbox 1499 3763 1786 3849; x_wconf 84' lang='lat' dir='ltr'><strong>periisset</strong></span> <span class='ocrx_word' id='word_1_234' title='bbox 1818 3782 2020 3834; x_wconf 86' lang='lat' dir='ltr'><strong>soror3</strong></span> 
     </span>
    </p>

    <p class='ocr_par' dir='ltr' id='par_1_21' title="bbox 460 3854 2221 3942">
     <span class='ocr_line' id='line_1_35' title="bbox 460 3854 2221 3942; baseline 0.002 -23"><span class='ocrx_word' id='word_1_235' title='bbox 460 3854 700 3937; x_wconf 81' lang='lat' dir='ltr'><strong>Ecquis</strong></span> <span class='ocrx_word' id='word_1_236' title='bbox 737 3876 884 3920; x_wconf 84' lang='lat' dir='ltr'><strong>eum</strong></span> <span class='ocrx_word' id='word_1_237' title='bbox 916 3878 993 3922; x_wconf 83' lang='lat' dir='ltr'><strong>ea</strong></span> <span class='ocrx_word' id='word_1_238' title='bbox 1025 3878 1180 3934; x_wconf 79' lang='lat' dir='ltr'><strong>una3</strong></span> <span class='ocrx_word' id='word_1_239' title='bbox 1225 3857 1381 3942; x_wconf 85' lang='lat' dir='ltr'><strong>quid</strong></span> <span class='ocrx_word' id='word_1_240' title='bbox 1414 3856 1757 3934; x_wconf 81' lang='lat' dir='ltr'><strong>habuisset,</strong></span> <span class='ocrx_word' id='word_1_241' title='bbox 1801 3856 1988 3940; x_wconf 77' lang='lat' dir='ltr'><strong>quem</strong></span> <span class='ocrx_word' id='word_1_242' title='bbox 2034 3857 2195 3940; x_wconf 92' lang='lat' dir='ltr'><strong>perit</strong></span> <span class='ocrx_word' id='word_1_243' title='bbox 2200 3882 2221 3936; x_wconf 84' lang='lat'>3</span> 
     </span>
    </p>

    <p class='ocr_par' dir='ltr' id='par_1_22' title="bbox 464 3947 2223 4035">
     <span class='ocr_line' id='line_1_36' title="bbox 464 3947 2223 4035; baseline 0.002 -24"><span class='ocrx_word' id='word_1_244' title='bbox 464 3947 703 4031; x_wconf 75' lang='lat' dir='ltr'><strong>Ecquis</strong></span> <span class='ocrx_word' id='word_1_245' title='bbox 738 3971 877 4013; x_wconf 86' lang='lat' dir='ltr'><strong>eam</strong></span> <span class='ocrx_word' id='word_1_246' title='bbox 913 3960 1126 4035; x_wconf 86' lang='lat' dir='ltr'><strong>posset</strong></span> <span class='ocrx_word' id='word_1_247' title='bbox 1159 3952 1439 4016; x_wconf 79' lang='lat' dir='ltr'><strong>nesoere.</strong></span> <span class='ocrx_word' id='word_1_248' title='bbox 1494 3949 1651 4015; x_wconf 85' lang='lat' dir='ltr'><strong>haee</strong></span> <span class='ocrx_word' id='word_1_249' title='bbox 1684 3971 1845 4033; x_wconf 93' lang='lat' dir='ltr'><strong>quor</strong></span> <span class='ocrx_word' id='word_1_250' title='bbox 1882 3949 2223 4032; x_wconf 83' lang='lat' dir='ltr'><strong>quaeritet?</strong></span> 
     </span>
    </p>

    <p class='ocr_par' dir='ltr' id='par_1_23' title="bbox 463 4041 1930 4128">
     <span class='ocr_line' id='line_1_37' title="bbox 463 4041 1930 4128; baseline 0.003 -23"><span class='ocrx_word' id='word_1_251' title='bbox 463 4041 602 4105; x_wconf 85' lang='lat' dir='ltr'><strong>Nisi</strong></span> <span class='ocrx_word' id='word_1_252' title='bbox 638 4042 690 4106; x_wconf 86' lang='lat' dir='ltr'><strong>si</strong></span> <span class='ocrx_word' id='word_1_253' title='bbox 722 4043 830 4107; x_wconf 83' lang='lat' dir='ltr'><strong>illa</strong></span> <span class='ocrx_word' id='word_1_254' title='bbox 862 4043 1024 4110; x_wconf 88' lang='lat' dir='ltr'><strong>forte</strong></span> <span class='ocrx_word' id='word_1_255' title='bbox 1058 4066 1222 4127; x_wconf 82' lang='lat' dir='ltr'><strong>quae</strong></span> <span class='ocrx_word' id='word_1_256' title='bbox 1256 4044 1408 4109; x_wconf 81' lang='lat' dir='ltr'><strong>elim</strong></span> <span class='ocrx_word' id='word_1_257' title='bbox 1441 4044 1624 4128; x_wconf 87' lang='lat' dir='ltr'><strong>periit</strong></span> <span class='ocrx_word' id='word_1_258' title='bbox 1666 4044 1930 4128; x_wconf 57' lang='lat' dir='ltr'><strong>paruolo</strong></span> 
     </span>
    </p>

    <p class='ocr_par' dir='ltr' id='par_1_24' title="bbox 468 4133 2361 4215">
     <span class='ocr_line' id='line_1_38' title="bbox 468 4133 2361 4215; baseline -0.001 -14"><span class='ocrx_word' id='word_1_259' title='bbox 468 4133 679 4213; x_wconf 89' lang='lat' dir='ltr'><strong>Soror,</strong></span> <span class='ocrx_word' id='word_1_260' title='bbox 716 4135 877 4203; x_wconf 62' lang='lat' dir='ltr'><strong>hano</strong></span> <span class='ocrx_word' id='word_1_261' title='bbox 912 4160 980 4205; x_wconf 84' lang='lat' dir='ltr'><strong>se</strong></span> <span class='ocrx_word' id='word_1_262' title='bbox 1014 4137 1282 4205; x_wconf 86' lang='lat' dir='ltr'><strong>intendit</strong></span> <span class='ocrx_word' id='word_1_263' title='bbox 1316 4139 1476 4215; x_wconf 85' lang='lat' dir='ltr'><strong>esse,</strong></span> <span class='ocrx_word' id='word_1_264' title='bbox 1511 4140 1608 4204; x_wconf 79' lang='lat' dir='ltr'><strong>uti</strong></span> <span class='ocrx_word' id='word_1_265' title='bbox 1642 4149 1736 4203; x_wconf 86' lang='lat' dir='ltr'><strong>est</strong></span> <span class='ocrx_word' id='word_1_266' title='bbox 1771 4137 2056 4205; x_wconf 64' lang='lat' dir='ltr'><strong>audeoia.</strong></span> <span class='ocrx_word' id='word_1_267' title='bbox 2257 4143 2361 4201; x_wconf 80' lang='lat'><strong>525</strong></span> 
     </span>
    </p>
   </div>
  </div>
 </body>
</html>
