2725 4650
127 289 203 361 Ν,
226 292 273 346 4.
294 239 335 348 *5
1023 289 1323 346 ANDRIA
2047 269 2128 339 41

54 463 56 466 Α
142 430 185 469 45
368 411 698 480 Ausculta.
770 409 890 478 Cn.
945 411 1191 477 Audiui
1242 413 1371 477 iam
1415 409 1643 478 omnia.
1714 410 1842 477 DA.
1900 407 2009 476 An
2062 422 2131 475 tu

1047 506 1207 570 haec
1242 505 1490 571 omnia?

208 599 322 664 Cn.
372 601 634 678 Audiui,
678 600 959 684 inquam,
1001 623 1038 664 a
1082 600 1408 688 principio,
1478 598 1607 665 DA.
1654 598 1975 676 Audistin,
2021 600 2136 664 ob·
2169 604 2272 661 785

1044 693 1260 759 secro?
1303 715 1408 758 em

368 787 653 854 Scelera:
684 787 847 852 hunc
872 787 999 852 iam
1020 797 1263 872 oportet
1277 789 1346 852 in
1365 785 1713 852 cruciatum
1737 785 1887 852 hinc
1911 786 2132 872 abripi.

272 881 276 884 ’
369 881 499 946 Hic
534 892 631 946 est
661 881 797 944 ille:
842 901 971 945 non
1006 891 1069 945 te
1104 879 1324 945 credas
1358 879 1617 944 Dauom
1650 878 1886 946 ludere.

205 975 337 1040 Mr.
372 975 493 1039 Me
528 971 851 1040 miseram!
894 973 987 1039 nil
1018 976 1127 1060 pol
1160 973 1307 1039 falsi
1341 973 1494 1051 dixi,
1529 976 1619 1037 mi
1653 997 1864 1039 senex.

141 1085 183 1126 5⁰
206 1067 319 1134 Cn.
365 1069 538 1133 Noui
585 1070 837 1133 omnem
880 1090 1033 1133 rem.
1081 1077 1173 1132 est
1203 1065 1383 1132 Simo
1424 1068 1634 1133 intus?
1703 1067 1830 1132 DA.
1877 1067 2016 1133 Est.
2051 1105 2137 1116 -—-

1044 1161 1182 1224 Mr.
1228 1160 1329 1226 Ne
1365 1183 1466 1226 me
1501 1159 1756 1247 attigaffi
2095 1180 2104 1185 ’

370 1255 672 1322 Sceleste.
722 1254 776 1319 si
810 1255 916 1340 pol
954 1252 1256 1339 Glycerio
1291 1276 1423 1319 non
1458 1255 1670 1319 omnia
1703 1256 1862 1320 haec
1898 1303 1914 1320 .
1961 1303 1976 1319 .
2019 1305 2035 1320 .
2172 1271 2275 1326 790

206 1349 327 1414 DA.
374 1348 519 1413 Eho
573 1349 817 1433 inepta,
880 1348 1087 1413 nescis
1142 1348 1295 1431 quid
1348 1348 1429 1413 sit
1483 1349 1736 1413 actum?
1813 1349 1950 1413 Mr.
2007 1347 2139 1431 Qui

1046 1441 1279 1507 sciam?

204 1537 327 1601 DA.
373 1537 503 1601 Hic
538 1538 719 1602 socer
754 1545 871 1600 est.
916 1535 1039 1599 alio
1074 1538 1261 1621 pecto
1297 1535 1472 1600 haud
1506 1545 1750 1621 poterat
1785 1537 1946 1614 fieri,

374 1633 465 1697 Vt
509 1633 694 1694 sciret
738 1629 896 1694 haec
931 1651 1096 1713 quae
1139 1629 1455 1693 uolumus.
1525 1630 1662 1694 Mt.
1720 1631 1914 1708 Hem,
1957 1653 2139 1716 prae-

1046 1723 1305 1788 diceres,

138 1836 181 1875 55
204 1818 325 1883 DA.
374 1817 660 1882 Paulum
692 1819 999 1881 interesse
1036 1818 1277 1893 censes,
1316 1839 1396 1880 ex
1431 1816 1640 1880 animo
1679 1818 1910 1894 omnia,

376 1913 469 1978 Vt
502 1910 629 1974 fert
661 1919 908 1987 natura,
945 1910 1145 1975 facias
1180 1933 1263 1976 an
1300 1910 1380 1975 de
1414 1909 1760 1974 industria?
2175 1919 2276 1976 795

670 2095 938 2163 cmm-0
1024 2097 1304 2162 Mrs1s
1389 2098 1682 2162 DAvos

702 2205 893 2249 snmx
1019 2204 1281 2257 Axonam
1423 2204 1646 2249 snnvos

115 2287 324 2355 mscn.
370 2288 452 2353 In
488 2285 608 2351 haic
643 2285 965 2352 habitasse
1002 2284 1215 2371 platea
1249 2283 1551 2351 dictumst
1586 2282 1986 2371 Chrysidem,

370 2382 559 2463 Quae
596 2384 733 2447 sese
768 2380 1099 2445 inhoneste
1134 2379 1378 2467 optauit
1413 2402 1638 2465 parere
1677 2380 1782 2445 hic
1819 2380 2002 2445 ditias

370 2476 599 2540 Potius
644 2496 839 2557 quam
892 2475 959 2538 in
1001 2474 1209 2559 patria
1252 2472 1516 2539 honeste
1569 2496 1814 2559 pauper
1863 2478 2137 2542 uiueret:

368 2570 532 2634 Eius
566 2571 768 2633 morte
804 2591 881 2632 ea
914 2568 997 2632 ad
1033 2590 1135 2633 me
1168 2566 1313 2653 lege
1346 2568 1670 2633 redierunt
1705 2568 1890 2632 bona.
2042 2618 2048 2624 .

158 2684 183 2726 5
372 2666 509 2756 Sed
537 2668 699 2750 quos
734 2675 1070 2751 perconter
1093 2663 1311 2729 uideo:
1348 2664 1607 2729 saluete.
1659 2664 1796 2730 Mr.
1829 2646 2137 2745 Obsecro,
2173 2672 2278 2728 800

377 2763 594 2845 Quem
629 2762 857 2827 uideo?
903 2772 1077 2827 estne
1106 2760 1210 2825 hic
1239 2759 1418 2825 Crito
1455 2761 1745 2827 sobrinus
1774 2760 2142 2849 Chrysidis?

370 2858 439 2922 Is
468 2858 584 2921 est.
630 2855 746 2921 On.
780 2854 843 2921 O
872 2855 1102 2941 Mysis,
1136 2852 1341 2922 salue!
1378 2854 1515 2918 MY.
1548 2854 1777 2921 Saluos
1805 2859 1910 2933 sis,
1941 2855 2136 2923 Crito.

207 2952 319 3018 Cn.
366 2952 517 3016 Itan
547 2950 849 3036 Chrysis?
892 2950 1059 3014 hem.
1104 2950 1242 3013 MY.
1278 2949 1415 3014 Nos
1452 2949 1710 3032 quidem
1736 2952 1843 3035 pol
1877 2951 2139 3019 miseras

1053 3043 1347 3129 perdidit.

209 3140 321 3206 CR.
369 3139 548 3222 Quid
598 3139 755 3203 uos?
826 3160 952 3221 quo
1006 3148 1195 3223 pacto
1248 3136 1388 3202 hic?
1467 3137 1668 3203 satine
1718 3140 1926 3205 recte?
2000 3140 2138 3205 ΜΥ.

1055 3230 1308 3295 Nosne?
1352 3229 1470 3295 sic:

139 3348 183 3385 ιο
376 3328 465 3391 Vt
501 3329 777 3410 quimus,
824 3325 1024 3403 aiunt,
1070 3323 1325 3409 quando
1360 3334 1433 3388 ut
1475 3325 1770 3389 uolumus
1809 3328 1938 3391 ndn
1971 3327 2136 3393 licet.
2174 3334 2278 3389 805

210 3420 323 3486 Cn.
372 3420 549 3501 Quid
581 3419 989 3507 Glycerium?
1031 3418 1159 3483 iam
1192 3418 1296 3482 hic
1331 3419 1481 3483 suos
1516 3417 1794 3504 parentis
1829 3422 2140 3507 repperit?

206 3516 342 3580 MY.
382 3515 673 3581 Vtinam!
730 3514 846 3579 CR.
882 3496 992 3579 An
1026 3535 1155 3578 non
1182 3511 1334 3576 dum
1360 3512 1586 3577 etiam?
1619 3512 1791 3577 haud
1819 3516 2140 3602 auspicato

1054 3605 1181 3671 huc
1213 3628 1317 3672 me
1351 3607 1565 3684 attuli3

374 3702 543 3767 Nam
581 3702 709 3787 pol,
747 3701 801 3766 si
837 3701 905 3766 id
940 3700 1221 3777 scissem,
1254 3700 1602 3784 numquam
1639 3700 1765 3765 huc
1794 3702 2140 3768 tetulissem

1051 3794 1303 3879 pedem.

296 3945 300 3949 ,
380 3888 647 3975 Semper
698 3888 869 3954 enim
930 3888 1157 3953 dictast
1217 3890 1356 3953 esse
1417 3886 1574 3954 haec
1626 3897 1816 3973 atque
1866 3890 2142 3955 habitant

1057 4004 1260 4058 soror3

141 4094 185 4137 ιε
383 4075 567 4161 Quae
601 4076 772 4143 illius
817 4075 1096 4152 fuerunt,
1136 4075 1445 4161 possidetz
1491 4097 1661 4141 nunc
1694 4098 1797 4141 me
1830 4075 2141 4162 hospitem
2173 4085 2279 4140 810
