2725 4650
89 284 156 353 11,
177 284 214 341 3
951 278 1361 346 Evuvcflvs
2000 268 2121 337 113

363 404 497 473 Vbi
538 404 860 490 quaeram,
913 404 1024 472 ubi
1074 404 1483 491 inuestigem,
1534 423 1725 489 quem
1768 407 2120 491 perodnter,

1039 519 1232 581 quam
1263 498 1552 563 insistam
1582 498 1775 578 uiam,

213 658 220 665 ,
362 592 653 659 Incertus
708 615 866 657 sum.
937 614 1067 655 una
1110 592 1267 657 haee
1319 593 1464 677 spes
1516 603 1637 657 est:
1692 593 1805 657 ubi
1852 592 1966 659 ubi
2007 604 2122 671 est,
2155 601 2259 656 295

1041 686 1151 749 diu
1187 685 1379 751 celari
1409 687 1539 750 ιιόιι
1573 696 1799 771 potest.

129 800 156 841 5
357 778 430 845 -O
457 780 684 846 faeiem
717 778 1076 866 pulchram!
1113 779 1293 844 deleo
1323 779 1527 844 omnis
1554 779 1781 847 dehine
1809 802 1889 845 ex
1914 780 2123 845 animo

1042 872 1363 939 mulieres:

363 966 613 1033 Taedet
641 966 1124 1033 cottidianarum
1151 966 1377 1033 harum
1402 965 1770 1032 fdrmarum.
1812 966 1934 1033 ΡΑ.
1952 966 2124 1033 Eece

1039 1071 1251 1126 autem
1285 1060 1583 1126 alterum!

361 1153 597 1221 Nescio
641 1153 797 1238 quid
839 1153 920 1220 de
965 1156 1180 1219 amdre
1222 1154 1529 1238 loquitur:
1582 1176 1623 1220 0
1669 1153 2126 1221 infortunatum

1041 1248 1283 1314 senem!

364 1342 496 1407 Hic
529 1344 762 1418 uerost‚
796 1340 907 1426 qui
942 1340 996 1407 si
1029 1341 1363 1427 occeperit,

299 1464 324 1475 -
365 1435 628 1501 Ludfim
661 1435 1000 1519 iocumque
1036 1434 1202 1500 dicet
1237 1435 1437 1501 fuisse
1469 1436 1649 1501 illum
1682 1437 1972 1513 alterum,
2158 1452 2263 1507 300

106 1551 160 1592 ιο
363 1528 608 1595 Praeut
641 1527 830 1593 huius
863 1528 1074 1594 rabies
1106 1531 1270 1612 quae
1307 1528 1502 1594 dabit.

191 1622 320 1693 Cn.
365 1624 458 1690 Vt
481 1622 660 1689 illum
687 1622 754 1687 di
780 1621 1064 1706 deaeque
1091 1622 1337 1687 senium
1361 1622 1650 1709 perdant,
1678 1624 1789 1707 qui
1812 1646 1915 1688 me
1940 1620 2127 1689 hodie

1043 1718 1393 1781 remoratus
1428 1727 1551 1793 est3

365 1809 608 1893 Meque
642 1809 822 1887 adeO,
857 1809 971 1893 qui
1005 1810 1338 1874 restiterim
1345 1834 1366 1887 3
1401 1820 1537 1874 tum
1572 1820 1786 1876 autem
1811 1810 1923 1893 qui
1948 1810 2127 1875 illum

1041 1902 1223 1967 flocci
1263 1901 1543 1969 fecerim.

369 1994 503 2063 de
538 2016 758 2061 eeeum
783 1994 1271 2061 Parmendnem.
1325 1996 1520 2063 salue.
1589 1995 1921 2078 P3.Qu1d
1955 2008 2025 2062 tu
2061 2019 2127 2062 es

1041 2089 1272 2154 tristis?
1315 2089 1550 2174 quidue
1584 2112 1651 2155 es
1686 2090 1950 2155 alacris?

364 2164 554 2250 Vnde
588 2183 682 2248 is?
743 2180 864 2249 Cn.
909 2181 1175 2269 Egone?
1207 2182 1422 2249 neseio
1455 2183 1684 2261 hercle,
1718 2186 1926 2266 neque
1958 2184 2127 2250 unde
2160 2194 2263 2249 305

1044 2299 1185 2343 eam
1217 2298 1428 2361 neque
1464 2279 1767 2363 qudrsum
1802 2298 1970 2344 eam·

106 2398 161 2438 15
368 2376 472 2440 Ita
505 2377 795 2461 prdrsum
831 2375 1062 2440 oblitus
1101 2376 1242 2441 sum
1276 2375 1420 2440 mei.

188 2473 316 2537 ΡΑ.
365 2467 497 2551 Qui
516 2468 786 2552 quaeso?
830 2465 950 2532 Cn.
979 2469 1169 2532 Amo,
1213 2467 1332 2534 ΡΑ.
1361 2469 1555 2532 Hem.
1602 2466 1723 2534 Cu.
1742 2468 1951 2545 Nune,
1969 2468 2128 2534 Par-

1043 2585 1251 2642 men0,
1276 2575 1340 2630 te
1368 2564 1715 2630 ostenderis
1741 2565 1853 2648 qui
1869 2566 1969 2630 uit
1983 2565 2125 2630 sies.

371 2658 512 2725 Seis
546 2660 610 2724 te
645 2658 800 2723 mihi
843 2679 1033 2743 saepe
1068 2657 1416 2742 pdllioitum
1459 2679 1599 2724 esse
1635 2655 1972 2736 ‘chael-ea,
2016 2658 2128 2723 ali-

1042 2752 1197 2860 quid
1229 2751 1447 2817 inueni

368 2846 571 2912 Modo
603 2844 779 2930 qudd
814 2867 1013 2909 ames:
1057 2846 1126 2909 in
1158 2868 1234 2910 ea
1267 2868 1337 2911 re
1369 2844 1707 2910 utilitatem
1740 2867 1860 2930 ego
1895 2844 2123 2910 faciam

1043 2948 1113 3003 ut
1148 2942 1493 3026 cognoscas
1530 2938 1789 3016 meam',

370 2993 587 3115 Quom
636 3031 704 3096 in
756 3031 1047 3097 cellulam
1097 3031 1181 3097 ad
1232 3043 1294 3098 te
1345 3033 1541 3118 patris
1593 3055 1830 3118 penum
1876 3053 2126 3098 omnem
2160 3038 2263 3093 310

1045 3126 1467 3212 odngerebam
1504 3127 1879 3193 clanculum.

107 3244 169 3284 20
198 3222 322 3287 ΡΑ.
365 3221 536 3306 Age,
579 3219 810 3305 inepte.
899 3217 1020 3284 Cn.
1073 3221 1221 3285 Hoe
1263 3219 1475 3286 hercle
1510 3219 1828 3286 factumst.
1906 3220 2008 3286 fao
2040 3221 2127 3286 sis

1046 3315 1218 3378 m'me
1250 3312 1560 3399 promissa
1594 3314 1967 3400 adpareant·

369 3409 496 3474 Est
537 3375 698 3470 adeo
734 3405 929 3491 digna
960 3407 1062 3472 res
1101 3404 1278 3493 [est],
1320 3407 1435 3473 ubi
1475 3416 1546 3471 tu
1578 3408 1808 3474 neruos
1841 3406 2127 3472 intendas

1047 3510 1210 3565 tuos.

370 3593 569 3659 Haud
613 3592 831 3658 similis
876 3592 1118 3679 uirgost
1163 3594 1485 3680 uirginum
1536 3595 1918 3670 nostrarum,
1971 3614 2129 3679 quas

1043 3689 1278 3752 matres
1311 3688 1567 3753 student

369 3780 683 3846 Demissis
717 3779 952 3846 umeris
988 3781 1148 3856 esse,
1183 3779 1398 3846 uinoto
1433 3782 1709 3866 pectore,
1751 3789 1823 3845 ut
1854 3781 2126 3867 gracilae

1051 3874 1233 3939 sient.

375 3965 450 4034 Si
493 3989 656 4052 quae
699 3940 798 4035 est
842 3967 1114 4033 habitior
1155 3967 1367 4053 paffl0‚
1420 3966 1703 4052 pugilem
1754 3989 1893 4035 esse
1931 3968 2129 4048 diunt,
2164 3972 2266 4032 315

1031 4061 1352 4127 deducunt
1386 4060 1625 4127 eibum·

309 4161 548 4208 rum
1758 4159 1801 4221 8
