2725 4650
557 290 685 357 194
1237 360 1242 365 ,
1349 296 1701 357 ΡΗοΒΜΙο
2438 298 2501 367 v,
2520 299 2553 352 9

586 428 706 492 Pu.
751 427 895 513 Ego
929 426 1132 491 minas
1167 424 1426 511 triginta
1458 446 1575 509 per
1598 423 1917 489 fallaciam
1941 424 2024 490 ab
2048 423 2197 489 illoc
2218 422 2465 487 abstuli:
2645 476 2646 491 ,

756 520 888 585 Eas
941 520 1088 585 dedi
1139 531 1248 585 tuo
1299 520 1525 605 gnato:
1577 518 1631 583 is
1682 540 1797 604 pro
1850 541 1967 583 sua
2016 519 2219 583 amica
2266 517 2470 581 lenoni
2489 532 2533 573 ⁵0

1432 611 1622 676 dedit.

418 714 554 770 1040
591 705 708 773 Cn.
753 710 944 785 Hem,
982 707 1136 792 quid
1169 708 1300 773 ais?
1376 706 1502 773 NA.
1546 706 1814 773 Adeone
1849 706 2179 793 indignum
2213 706 2329 770 hoc
2360 703 2470 769 tibi

1428 800 1701 877 uidetur,
1736 799 1909 865 fssius

753 897 969 961 Homo
1023 896 1394 961 adulescens
1445 895 1500 959 si
1552 894 1745 959 habet
1802 917 1997 958 unam
2054 896 2348 970 amicam,
2405 902 2473 956 tu

1432 989 1663 1052 uxores
1698 988 1892 1052 duas?

751 1084 858 1148 Nss
891 1084 1169 1169 pudere?
1211 1104 1339 1167 quo
1374 1083 1480 1147 ore
1513 1081 1692 1147 illum
1726 1081 2129 1167 obiurgabis?
2170 1078 2473 1165 responde

1428 1175 1601 1239 mihi.

585 1269 711 1335 ΒΕ.
747 1269 971 1335 Faciet
1003 1280 1076 1335 ut
1109 1270 1305 1336 uoles.
1392 1268 1517 1335 NA.
1568 1270 1775 1334 Immo
1810 1280 1883 1333 ut
1914 1292 2122 1333 meam
2156 1269 2286 1333 iam
2320 1268 2473 1333 scias

1430 1362 1826 1441 sententiam,

754 1456 982 1541 Neque
1035 1478 1155 1543 ego
1207 1458 1469 1543 ignosco
1521 1458 1727 1541 neque
1788 1457 2082 1543 promitto
2142 1459 2477 1541 quicquam
2497 1470 2541 1511 ⁵5

1428 1572 1635 1635 neque
1669 1552 2013 1636 respondeo

415 1654 551 1708 1045
753 1645 940 1709 Prius
994 1667 1186 1729 quam
1237 1658 1504 1732 gnatum
1554 1646 1800 1711 uidero:
1862 1646 1995 1711 eius
2054 1644 2289 1710 iudicio
2342 1666 2478 1729 per-

1429 1740 1608 1803 mitto
1644 1740 1872 1805 omnia.

755 1830 947 1912 Quod
981 1832 1034 1897 is
1070 1833 1312 1899 iubebit
1347 1833 1597 1899 faciam.
1667 1834 1788 1899 Pu.
1832 1832 2070 1899 Mulier
2104 1833 2359 1918 sapiens
2392 1854 2478 1907 es,

1428 1930 1841 2021 Nausistrata.

582 2018 646 2083 N
645 2040 704 2083 A.
752 2018 936 2086 Satin
969 2020 1182 2085 tibist?
1264 2022 1383 2086 Du.
1427 2022 1549 2086 Ita.
1644 2022 1747 2087 Cn.
1789 2022 1995 2085 Immo
2030 2038 2183 2086 uero
2215 2018 2480 2105 pulchre

777 2190 788 2207 1
1432 2114 1687 2179 discedo
1723 2116 1786 2179 et
1820 2114 2015 2201 probe

749 2207 838 2273 Et
869 2218 1119 2292 praeter
1153 2231 1350 2293 spem.
1409 2208 1541 2287 NA.
1578 2208 1685 2273 Tu
1716 2219 1893 2274 tuom
1926 2230 2157 2273 nomen
2192 2208 2295 2271 dic
2330 2206 2482 2271 mihi

1369 2300 1373 2306 ⁴
1427 2302 1581 2387 quid
1614 2306 1715 2367 sit.
1782 2302 1905 2368 Pu.
1948 2301 2283 2368 Phormio:

749 2396 1020 2462 Vostrae
1069 2395 1346 2461 familiae
1393 2395 1601 2462 hercle
1646 2397 1886 2481 amicus
1930 2399 1994 2462 et
2036 2408 2146 2461 tuo
2192 2417 2480 2461 summus
2502 2411 2545 2452 ω

1425 2491 1798 2556 Phaedriae.

412 2593 548 2648 1050
579 2583 704 2650 NA.
747 2583 1072 2660 PhormiO,
1101 2595 1166 2650 at
1193 2607 1314 2670 ego
1341 2587 1585 2650 ecastor
1608 2585 1874 2671 posthac
1899 2585 2015 2650 tibi
2040 2585 2213 2670 quod
2236 2595 2481 2669 potero,

1427 2680 1601 2762 quod
1635 2680 1810 2744 uoles

745 2773 1136 2858 Faciamque
1157 2784 1220 2839 et
1237 2773 1463 2840 dicam.
1515 2773 1637 2838 ΡΗ.
1666 2774 1957 2860 Benigne
1984 2773 2157 2838 dicis,
2208 2772 2335 2838 NA.
2364 2773 2484 2838 Pol

1422 2868 1777 2933 meritumst
1810 2879 2003 2933 tuom.

516 3017 521 3024 .
577 2958 702 3024 ΡΗ.
745 2963 874 3028 Vin
925 2962 1200 3046 primum
1253 2961 1441 3027 hodie
1493 2963 1703 3027 facere
1754 2963 1927 3046 quod
1978 2982 2097 3048 ego
2143 2961 2483 3048 gaudeam,

1432 3055 1851 3133 Nausistrata,

747 3131 833 3212 Et
867 3149 1038 3232 quod
1072 3160 1184 3214 tuo
1215 3150 1354 3215 uiro
1390 3151 1555 3216 oculi
1590 3150 1882 3214 doleant?
1923 3149 2048 3214 ΝΑ.
2086 3147 2314 3234 Cupio.
2362 3151 2484 3214 Pu.

1426 3245 1542 3309 Me
1578 3245 1662 3309 ad
1696 3245 1918 3310 cenam
1952 3265 2131 3308 uoca.

577 3336 694 3401 NA.
739 3336 858 3402 ΡόΙ
892 3359 1044 3403 uero
1073 3360 1252 3404 uoco,
1308 3338 1435 3402 Dm.
1472 3337 1713 3402 Eamus
1738 3340 1903 3402 intro
1932 3337 2096 3402 hinc.
2149 3336 2275 3401 NA.
2316 3337 2485 3404 Fiat.
2507 3353 2553 3396 ⁶⁵

1424 3433 1537 3497 sed
1572 3433 1741 3498 ubist
1773 3432 2091 3497 Phaedria

409 3533 543 3587 1055
746 3525 951 3592 Iudex
985 3525 1230 3591 noster?
1289 3525 1412 3590 Pu.
1449 3526 1590 3590 Iam
1622 3527 1726 3591 hic
1758 3526 1911 3590 faxo
1947 3524 2165 3590 aderit.
2236 3525 2483 3590 Omma.

1422 3619 1557 3686 Vos
1593 3621 1801 3686 ualete
1836 3631 1899 3686 et
1932 3618 2234 3706 plaudite.
2278 3679 2291 3719 Ι

2274 3722 2283 3734 Ι

1310 3917 1734 3933 u—fi———-—-————-
