2725 4650
121 353 218 427 ιν,
243 355 284 411 4
985 355 1397 416 Evnvoflvs
2033 344 2155 410 129

311 563 759 629 Prummu
861 564 1153 630 Donvs
1253 565 1632 630 Pr‘rnms
1733 564 2063 631 Domas

335 671 726 716 Anvmscnns
843 672 1161 718 nvnvonvs
1286 672 1589 718 nomm
1855 675 1904 715 11

116 757 522 827 1v,4Pn.Exi
555 760 744 838 foras,
782 761 1061 827 sceleste.
1131 771 1198 826 at
1232 761 1424 826 etiam
1456 761 1725 836 restitas,

393 853 732 941 Fugitiue?
774 854 984 940 prodi,
1037 854 1202 921 male
1244 854 1591 921 conciliate.
1676 853 1969 938 Do(avs).
2014 832 2155 920 Ob-

1069 971 1268 1016 secro.
1353 950 1477 1015 ΡΗ.
1523 946 1666 1026 Oh,

393 1042 564 1106 Illud
596 1041 765 1119 uide,
802 1064 874 1108 os
910 1054 981 1108 ut
1015 1043 1136 1108 sibi
1170 1044 1449 1109 distorsit
1483 1041 1815 1109 carnufexl
2188 1048 2290 1103 670

394 1134 572 1216 Quid
603 1136 730 1202 huo
763 1137 879 1201 tibi
911 1136 1234 1203 reditiost?
1277 1137 1474 1202 uestis
1508 1136 1663 1222 quid
1695 1135 2055 1202 mutatiost?

163 1246 193 1289 5
397 1228 578 1308 Quid
608 1232 866 1295 narras?
899 1232 1160 1315 paulum
1194 1233 1250 1295 si
1282 1252 1648 1306 cessassem,
1681 1229 1970 1315 Pythias,

389 1322 587 1388 Domi
619 1324 744 1389 non
779 1323 1202 1401 offendissem,
1243 1327 1334 1390 ita
1373 1325 1501 1390 iam
1545 1325 1879 1390 adornarat
1912 1323 2151 1408 fugam.

214 1415 338 1482 ΡΥ.
385 1418 616 1483 Haben
651 1418 986 1497 hominem,
1023 1419 1286 1484 amabo?
1361 1418 1485 1483 ΡΗ.
1531 1417 1708 1500 Quid
1738 1417 1807 1483 ni
1839 1417 2109 1484 habeam
2124 1418 2163 1479 2?-

1065 1510 1182 1576 ΡΥ.
1229 1509 1294 1577 Ο
1331 1512 1573 1577 factum
1608 1511 1793 1580 bene.

213 1602 535 1688 Don(us).
586 1605 762 1670 Istue
795 1606 903 1691 pol
937 1627 1091 1670 uero
1124 1606 1306 1672 bene.
1393 1605 1512 1670 ΡΥ.
1550 1605 1776 1670 Vbist?
1860 1604 1982 1668 Pn.
2025 1602 2153 1668 Ro—
2185 1608 2287 1664 675

1063 1698 1275 1784 gitas?
1308 1699 1433 1763 ιιόιι
1468 1698 1686 1764 uides?

214 1789 337 1854 ΡΥ.
383 1790 693 1858 Videam?
728 1792 987 1858 obsecro
1023 1793 1249 1875 quem?
1317 1792 1437 1857 ΡΗ.
1476 1792 1672 1856 Hune
1708 1791 1961 1856 seilicet.
2030 1790 2150 1855 ΡΥ.

1071 1884 1234 1965 Quis
1269 1885 1373 1950 hio
1408 1880 1503 1950 est
1538 1877 1764 1950 homo?

131 1999 188 2039 ιο
213 1980 337 2045 Pn.
383 1978 515 2061 Qui
550 1981 633 2045 ad
666 1981 780 2047 uos
816 1979 1122 2046 deductus
1167 1981 1430 2046 hodiest.
1524 1980 1644 2046 ΡΥ.
1715 1982 1911 2046 Hune
1953 1981 2151 2047 oeulis

1062 2098 1191 2140 suis

385 2168 759 2233 Nostrarum
793 2190 1139 2252 numquam
1174 2171 1513 2253 quisquam
1546 2168 1728 2245 uidit,
1763 2168 2102 2234 Phaedria.

213 2260 335 2329 ΡΗ.
381 2260 525 2325 Νοιι
561 2261 759 2326 uidit?
845 2260 965 2327 ΡΥ.
1026 2263 1138 2327 Αιι
1172 2272 1243 2327 ιιι
1277 2262 1447 2329 huno
1482 2261 1799 2329 credidisti
1835 2285 1993 2340 esse,
2039 2262 2150 2328 ob-

1061 2378 1258 2433 secte,

381 2449 492 2514 Ad
541 2449 655 2514 nos
709 2398 1086 2515 deductum?
1175 2451 1296 2514 PH.
1358 2450 1426 2515 N
1424 2452 1654 2534 amque
1707 2449 1900 2514 alium
1955 2448 2149 2515 habui
2181 2462 2287 2518 680

1062 2544 1399 2608 neminem.
1485 2542 1605 2607 ΡΥ.
1657 2544 1790 2620 Αιι,

382 2636 484 2703 Ne
551 2636 1012 2721 comparandus
1081 2636 1185 2701 hic
1245 2635 1503 2721 quidem
1565 2636 1648 2701 ad
1709 2636 1973 2701 illumst.
2041 2637 2147 2702 flle

1063 2740 1198 2797 erat

132 2844 184 2885 ιε»
383 2824 673 2889 Honesta
708 2823 871 2890 facie
907 2834 970 2890 et
1001 2824 1267 2891 liberali.
1352 2824 1473 2889 Pn.
1521 2823 1626 2888 Ita
1658 2826 1834 2890 uisus
1868 2836 1964 2891 est

381 2917 669 2995 Dudum,
705 2916 858 3001 quia
889 2918 1070 2984 uaria
1101 2920 1280 2983 ueste
1313 2918 1649 2983 exornatus
1684 2918 1825 2984 fuit.

380 3012 570 3078 Nune
605 3010 722 3077 tibi
755 3010 1010 3077 uidetur
1041 3011 1288 3090 foedus,
1326 3011 1476 3096 quia
1517 3011 1692 3077 illam
1725 3013 1851 3077 non
1884 3012 2093 3078 habet.

208 3107 328 3172 ΡΥ.
373 3106 547 3171 Tace
580 3105 869 3176 obsecro:
907 3104 1090 3189 quasi
1124 3107 1278 3171 uero
1313 3106 1575 3191 paulum
1615 3106 1918 3174 intersiet.
2178 3113 2281 3168 685

381 3199 493 3264 Ad
525 3200 640 3264 nos
675 3198 986 3265 deductus
1021 3200 1267 3266 hodiest
1299 3200 1832 3280 adulescentulus,

128 3314 184 3353 20
382 3291 594 3375 Quem
630 3295 701 3359 t1'1
736 3293 952 3360 uidere
985 3295 1140 3363 uero
1176 3294 1396 3373 uelles,
1430 3293 1769 3361 Phaedria.

381 3389 512 3453 Hie
545 3390 642 3454 est
677 3387 884 3453 uietus
920 3390 1105 3455 uetus
1139 3389 1511 3454 ueternosus
1546 3410 1761 3464 senex,

381 3479 610 3547 Colore
678 3482 1031 3547 mustelino.
1134 3482 1256 3547 Pu.
1333 3482 1536 3560 Hem,
1606 3502 1773 3565 quae
1831 3481 1989 3549 haee
2048 3492 2143 3549 est

1051 3576 1304 3641 fabula?

379 3668 481 3734 Eo
514 3666 762 3754 rediges
795 3691 919 3746 me,
966 3679 1038 3734 ιιι
1080 3670 1237 3754 quid
1268 3669 1507 3755 egerim
1542 3679 1794 3755 egomet
1826 3668 2140 3737 nesciam?
2174 3675 2276 3731 690

377 3762 523 3827 Eho
558 3774 651 3840 tu,
684 3762 854 3830 emin
888 3786 1008 3851 ego
1042 3765 1144 3831 te?
1210 3762 1341 3829 Do.
1378 3761 1626 3827 Emisti.
1697 3763 1816 3830 ΡΥ.
1853 3763 2015 3831 Iube
2050 3764 2138 3831 mi

1054 3858 1264 3923 denuo

126 3972 180 4012 ει»
377 3949 800 4036 Respondeat.
844 3951 965 4016 Pa.
1003 3952 1208 4038 Roga.
1251 3950 1369 4017 ΡΥ.
1389 3948 1639 4016 Venisti
1664 3948 1853 4017 hodie
1880 3949 1962 4017 ad
1986 3952 2137 4017 nos?

1050 4055 1261 4131 negat.

374 4141 470 4204 At
502 4138 609 4207 ille
641 4138 800 4206 alter
833 4139 1008 4207 uenit
1038 4140 1238 4205 annos
1271 4146 1459 4204 natus
1495 4136 1799 4291 sedecima

313 4242 545 4285 remma.
