<?xml version="1.0" encoding="UTF-8"?>
<!DOCTYPE html PUBLIC "-//W3C//DTD XHTML 1.0 Transitional//EN"
    "http://www.w3.org/TR/xhtml1/DTD/xhtml1-transitional.dtd">
<html xmlns="http://www.w3.org/1999/xhtml" xml:lang="en" lang="en">
 <head>
  <title>
</title>
<meta http-equiv="Content-Type" content="text/html;charset=utf-8" />
  <meta name='ocr-system' content='tesseract 3.04.00' />
  <meta name='ocr-capabilities' content='ocr_page ocr_carea ocr_par ocr_line ocrx_word'/>
</head>
<body>
  <div class='ocr_page' id='page_1' title='image "./pterentiafricom02dziagoog/pterentiafricom02dziagoog_0107.png"; bbox 0 0 2725 4650; ppageno 0'>
   <div class='ocr_carea' id='block_1_1' title="bbox 149 353 2189 439">
    <p class='ocr_par' dir='ltr' id='par_1_1' title="bbox 149 353 2189 439">
     <span class='ocr_line' id='line_1_1' title="bbox 149 353 2189 439; baseline -0.002 -15"><span class='ocrx_word' id='word_1_1' title='bbox 149 368 195 439; x_wconf 93' lang='lat'><strong>1,</strong></span> <span class='ocrx_word' id='word_1_2' title='bbox 217 370 252 424; x_wconf 82' lang='lat'><strong>2</strong></span> <span class='ocrx_word' id='word_1_3' title='bbox 419 382 424 389; x_wconf 85' lang='lat'><em>·</em></span> <span class='ocrx_word' id='word_1_4' title='bbox 742 368 1116 426; x_wconf 84' lang='lat' dir='ltr'><strong>HEAVTON</strong></span> <span class='ocrx_word' id='word_1_5' title='bbox 1151 364 1704 427; x_wconf 85' lang='lat' dir='ltr'>TIMORVMENOS</span> <span class='ocrx_word' id='word_1_6' title='bbox 2096 353 2189 421; x_wconf 81' lang='lat'><strong>59</strong></span> 
     </span>
    </p>
   </div>
   <div class='ocr_carea' id='block_1_2' title="bbox 171 490 2327 4220">
    <p class='ocr_par' dir='ltr' id='par_1_2' title="bbox 425 490 2186 651">
     <span class='ocr_line' id='line_1_2' title="bbox 425 490 2186 579; baseline 0.001 -22"><span class='ocrx_word' id='word_1_7' title='bbox 425 490 625 557; x_wconf 81' lang='lat' dir='ltr'><strong>Proin</strong></span> <span class='ocrx_word' id='word_1_8' title='bbox 660 502 731 556; x_wconf 91' lang='lat' dir='ltr'><strong>tu</strong></span> <span class='ocrx_word' id='word_1_9' title='bbox 766 491 1247 556; x_wconf 74' lang='lat' dir='ltr'><strong>sollicitudinem</strong></span> <span class='ocrx_word' id='word_1_10' title='bbox 1281 492 1466 556; x_wconf 84' lang='lat' dir='ltr'><strong>istam</strong></span> <span class='ocrx_word' id='word_1_11' title='bbox 1501 492 1747 572; x_wconf 68' lang='lat' dir='ltr'><strong>falsam,</strong></span> <span class='ocrx_word' id='word_1_12' title='bbox 1782 514 1945 579; x_wconf 88' lang='lat' dir='ltr'><strong>quae</strong></span> <span class='ocrx_word' id='word_1_13' title='bbox 1978 502 2041 559; x_wconf 88' lang='lat' dir='ltr'><strong>te</strong></span> <span class='ocrx_word' id='word_1_14' title='bbox 2076 514 2186 558; x_wconf 64' lang='lat' dir='ltr'><strong>ex*</strong></span> 
     </span>
     <span class='ocr_line' id='line_1_3' title="bbox 1105 585 1632 664; baseline 0 -13"><span class='ocrx_word' id='word_1_15' title='bbox 1105 585 1362 664; x_wconf 70' lang='lat' dir='ltr'><strong>cruciat,</strong></span> <span class='ocrx_word' id='word_1_16' title='bbox 1400 587 1632 652; x_wconf 80' lang='lat' dir='ltr'><strong>mittas,</strong></span> 
     </span>
    </p>

    <p class='ocr_par' dir='ltr' id='par_1_3' title="bbox 255 676 1268 764">
     <span class='ocr_line' id='line_1_4' title="bbox 255 676 1268 764; baseline 0.001 -20"><span class='ocrx_word' id='word_1_17' title='bbox 255 676 378 744; x_wconf 80' lang='lat' dir='ltr'><strong>Cn.</strong></span> <span class='ocrx_word' id='word_1_18' title='bbox 435 678 713 760; x_wconf 77' lang='lat' dir='ltr'><strong>Quicum</strong></span> <span class='ocrx_word' id='word_1_19' title='bbox 747 679 1026 764; x_wconf 84' lang='lat' dir='ltr'><strong>loquitur</strong></span> <span class='ocrx_word' id='word_1_20' title='bbox 1057 680 1268 745; x_wconf 82' lang='lat' dir='ltr'><strong>filius?</strong></span> 
     </span>
    </p>

    <p class='ocr_par' dir='ltr' id='par_1_4' title="bbox 198 771 2185 933">
     <span class='ocr_line' id='line_1_5' title="bbox 198 771 2185 861; baseline 0.003 -27"><span class='ocrx_word' id='word_1_21' title='bbox 198 790 226 832; x_wconf 77' lang='lat'><strong>5</strong></span> <span class='ocrx_word' id='word_1_22' title='bbox 255 771 374 837; x_wconf 68' lang='lat'><strong>01„</strong></span> <span class='ocrx_word' id='word_1_23' title='bbox 429 772 625 838; x_wconf 68' lang='lat' dir='ltr'><strong>Pater</strong></span> <span class='ocrx_word' id='word_1_24' title='bbox 649 774 847 851; x_wconf 79' lang='lat' dir='ltr'><strong>adest,</strong></span> <span class='ocrx_word' id='word_1_25' title='bbox 883 794 1074 858; x_wconf 87' lang='lat' dir='ltr'><strong>quem</strong></span> <span class='ocrx_word' id='word_1_26' title='bbox 1097 774 1301 839; x_wconf 84' lang='grc' dir='ltr'><strong>ιιόῙιιὶ.</strong></span> <span class='ocrx_word' id='word_1_27' title='bbox 1347 774 1556 840; x_wconf 81' lang='lat' dir='ltr'><strong>adibo.</strong></span> <span class='ocrx_word' id='word_1_28' title='bbox 1602 778 1800 861; x_wconf 68' lang='lat' dir='ltr'><strong>pater,</strong></span> <span class='ocrx_word' id='word_1_29' title='bbox 1837 786 2185 861; x_wconf 86' lang='lat' dir='ltr'>opportune</span> 
     </span>
     <span class='ocr_line' id='line_1_6' title="bbox 1105 868 1389 933; baseline 0 -1"><span class='ocrx_word' id='word_1_30' title='bbox 1105 868 1389 933; x_wconf 73' lang='lat' dir='ltr'><strong>aduenis·</strong></span> 
     </span>
    </p>

    <p class='ocr_par' dir='ltr' id='par_1_5' title="bbox 256 921 2324 1121">
     <span class='ocr_line' id='line_1_7' title="bbox 256 921 2324 1042; baseline -0.001 -17"><span class='ocrx_word' id='word_1_31' title='bbox 256 957 379 1025; x_wconf 78' lang='lat' dir='ltr'><strong>Cn.</strong></span> <span class='ocrx_word' id='word_1_32' title='bbox 438 958 613 1042; x_wconf 81' lang='lat' dir='ltr'><strong>Quid</strong></span> <span class='ocrx_word' id='word_1_33' title='bbox 671 960 739 1025; x_wconf 91' lang='lat' dir='ltr'><strong>id</strong></span> <span class='ocrx_word' id='word_1_34' title='bbox 798 957 932 1025; x_wconf 75' lang='lat' dir='ltr'><strong>est?</strong></span> <span class='ocrx_word' id='word_1_35' title='bbox 1028 959 1141 1026; x_wconf 77' lang='lat' dir='ltr'><strong>Cn.</strong></span> <span class='ocrx_word' id='word_1_36' title='bbox 1208 962 1406 1026; x_wconf 90' lang='lat' dir='ltr'><strong>Hunc</strong></span> <span class='ocrx_word' id='word_1_37' title='bbox 1463 960 1917 1026; x_wconf 77' lang='lat' dir='ltr'><strong>Menedemum</strong></span> <span class='ocrx_word' id='word_1_38' title='bbox 1978 921 2185 1026; x_wconf 86' lang='lat' dir='ltr'>nostin</span> <span class='ocrx_word' id='word_1_39' title='bbox 2223 969 2324 1023; x_wconf 87' lang='grc'><strong>180</strong></span> 
     </span>
     <span class='ocr_line' id='line_1_8' title="bbox 1101 1052 2313 1121; baseline -0.002 -2"><span class='ocrx_word' id='word_1_40' title='bbox 1101 1056 1388 1120; x_wconf 67' lang='lat' dir='ltr'><strong>nestrum</strong></span> <span class='ocrx_word' id='word_1_41' title='bbox 1422 1055 1741 1121; x_wconf 72' lang='lat' dir='ltr'><strong>uicinum?</strong></span> <span class='ocrx_word' id='word_1_42' title='bbox 1794 1052 1915 1119; x_wconf 81' lang='lat' dir='ltr'><strong>On.</strong></span> <span class='ocrx_word' id='word_1_43' title='bbox 1954 1054 2186 1120; x_wconf 81' lang='lat' dir='ltr'><strong>Probe.</strong></span> <span class='ocrx_word' id='word_1_44' title='bbox 2302 1107 2313 1117; x_wconf 85' lang='lat'>.</span> 
     </span>
    </p>

    <p class='ocr_par' dir='ltr' id='par_1_6' title="bbox 259 1144 2186 1213">
     <span class='ocr_line' id='line_1_9' title="bbox 259 1144 2186 1213; baseline 0.001 -1"><span class='ocrx_word' id='word_1_45' title='bbox 259 1144 376 1212; x_wconf 75' lang='lat' dir='ltr'><strong>CL.</strong></span> <span class='ocrx_word' id='word_1_46' title='bbox 429 1148 604 1213; x_wconf 90' lang='lat' dir='ltr'><strong>Huic</strong></span> <span class='ocrx_word' id='word_1_47' title='bbox 637 1146 842 1212; x_wconf 85' lang='lat' dir='ltr'><strong>fflium</strong></span> <span class='ocrx_word' id='word_1_48' title='bbox 879 1148 1002 1213; x_wconf 81' lang='lat' dir='ltr'><strong>scis</strong></span> <span class='ocrx_word' id='word_1_49' title='bbox 1037 1149 1217 1213; x_wconf 77' lang='lat' dir='ltr'><strong>esse?</strong></span> <span class='ocrx_word' id='word_1_50' title='bbox 1269 1146 1391 1213; x_wconf 79' lang='lat' dir='ltr'><strong>Cn.</strong></span> <span class='ocrx_word' id='word_1_51' title='bbox 1426 1149 1672 1213; x_wconf 89' lang='lat' dir='ltr'><strong>Audiui</strong></span> <span class='ocrx_word' id='word_1_52' title='bbox 1706 1171 1873 1213; x_wconf 80' lang='lat' dir='ltr'><strong>esse:</strong></span> <span class='ocrx_word' id='word_1_53' title='bbox 1914 1150 1983 1213; x_wconf 80' lang='lat' dir='ltr'><strong>in</strong></span> <span class='ocrx_word' id='word_1_54' title='bbox 2008 1148 2186 1213; x_wconf 81' lang='lat' dir='ltr'><strong>Asia.</strong></span> 
     </span>
    </p>

    <p class='ocr_par' dir='ltr' id='par_1_7' title="bbox 1105 1239 1807 1328">
     <span class='ocr_line' id='line_1_10' title="bbox 1105 1239 1807 1328; baseline 0.001 -22"><span class='ocrx_word' id='word_1_55' title='bbox 1105 1239 1219 1306; x_wconf 67' lang='lat' dir='ltr'><strong>Cn.</strong></span> <span class='ocrx_word' id='word_1_56' title='bbox 1263 1242 1412 1307; x_wconf 91' lang='lat' dir='ltr'><strong>Non</strong></span> <span class='ocrx_word' id='word_1_57' title='bbox 1446 1245 1562 1321; x_wconf 74' lang='lat' dir='ltr'><strong>est,</strong></span> <span class='ocrx_word' id='word_1_58' title='bbox 1599 1253 1807 1328; x_wconf 82' lang='lat' dir='ltr'><strong>pater:</strong></span> 
     </span>
    </p>

    <p class='ocr_par' dir='ltr' id='par_1_8' title="bbox 427 1318 2187 1515">
     <span class='ocr_line' id='line_1_11' title="bbox 427 1318 2187 1420; baseline 0 -21"><span class='ocrx_word' id='word_1_59' title='bbox 427 1335 630 1420; x_wconf 88' lang='lat' dir='ltr'><strong>Apud</strong></span> <span class='ocrx_word' id='word_1_60' title='bbox 663 1337 780 1399; x_wconf 77' lang='grc' dir='ltr'>ιιόε</span> <span class='ocrx_word' id='word_1_61' title='bbox 817 1345 930 1400; x_wconf 79' lang='lat' dir='ltr'><strong>est.</strong></span> <span class='ocrx_word' id='word_1_62' title='bbox 985 1332 1106 1399; x_wconf 76' lang='lat' dir='ltr'><strong>cn.</strong></span> <span class='ocrx_word' id='word_1_63' title='bbox 1145 1334 1323 1417; x_wconf 81' lang='lat' dir='ltr'><strong>Quid</strong></span> <span class='ocrx_word' id='word_1_64' title='bbox 1359 1337 1489 1400; x_wconf 80' lang='lat' dir='ltr'><strong>a&#39;is?</strong></span> <span class='ocrx_word' id='word_1_65' title='bbox 1542 1334 1655 1401; x_wconf 76' lang='lat' dir='ltr'><strong>Cn.</strong></span> <span class='ocrx_word' id='word_1_66' title='bbox 1692 1318 2187 1415; x_wconf 69' lang='lat' dir='ltr'><strong>Aduenientem,</strong></span> 
     </span>
     <span class='ocr_line' id='line_1_12' title="bbox 1107 1429 1971 1515; baseline 0.002 -22"><span class='ocrx_word' id='word_1_67' title='bbox 1107 1450 1143 1493; x_wconf 91' lang='lat' dir='ltr'><strong>e</strong></span> <span class='ocrx_word' id='word_1_68' title='bbox 1177 1430 1330 1493; x_wconf 69' lang='lat' dir='ltr'><strong>naui</strong></span> <span class='ocrx_word' id='word_1_69' title='bbox 1366 1430 1793 1515; x_wconf 83' lang='lat' dir='ltr'><strong>egredientem</strong></span> <span class='ocrx_word' id='word_1_70' title='bbox 1826 1429 1971 1495; x_wconf 80' lang='lat' dir='ltr'><strong>ilico</strong></span> 
     </span>
    </p>

    <p class='ocr_par' dir='ltr' id='par_1_9' title="bbox 429 1521 2189 1703">
     <span class='ocr_line' id='line_1_13' title="bbox 429 1521 2189 1610; baseline -0.001 -23"><span class='ocrx_word' id='word_1_71' title='bbox 429 1521 694 1587; x_wconf 74' lang='lat' dir='ltr'><strong>Abduxi</strong></span> <span class='ocrx_word' id='word_1_72' title='bbox 731 1522 814 1586; x_wconf 87' lang='lat' dir='ltr'><strong>ad</strong></span> <span class='ocrx_word' id='word_1_73' title='bbox 851 1544 1099 1600; x_wconf 85' lang='lat' dir='ltr'><strong>cenam,</strong></span> <span class='ocrx_word' id='word_1_74' title='bbox 1133 1526 1284 1587; x_wconf 76' lang='lat' dir='ltr'><strong>nam</strong></span> <span class='ocrx_word' id='word_1_75' title='bbox 1317 1524 1475 1587; x_wconf 90' lang='lat' dir='ltr'><strong>mihi</strong></span> <span class='ocrx_word' id='word_1_76' title='bbox 1507 1546 1742 1610; x_wconf 86' lang='lat' dir='ltr'><strong>magna</strong></span> <span class='ocrx_word' id='word_1_77' title='bbox 1775 1546 1920 1589; x_wconf 93' lang='lat' dir='ltr'><strong>cum</strong></span> <span class='ocrx_word' id='word_1_78' title='bbox 1954 1523 2081 1589; x_wconf 77' lang='lat' dir='ltr'><strong>ed</strong></span> <span class='ocrx_word' id='word_1_79' title='bbox 2063 1546 2189 1587; x_wconf 76' lang='lat' dir='ltr'><strong>lam</strong></span> 
     </span>
     <span class='ocr_line' id='line_1_14' title="bbox 1103 1614 1930 1703; baseline 0.002 -23"><span class='ocrx_word' id='word_1_80' title='bbox 1103 1617 1250 1681; x_wconf 92' lang='lat' dir='ltr'><strong>inde</strong></span> <span class='ocrx_word' id='word_1_81' title='bbox 1287 1614 1547 1703; x_wconf 84' lang='lat' dir='ltr'><strong>[usque]</strong></span> <span class='ocrx_word' id='word_1_82' title='bbox 1588 1640 1627 1681; x_wconf 88' lang='lat' dir='ltr'><strong>a</strong></span> <span class='ocrx_word' id='word_1_83' title='bbox 1660 1618 1930 1703; x_wconf 75' lang='lat' dir='ltr'><strong>pueritia</strong></span> 
     </span>
    </p>

    <p class='ocr_par' dir='ltr' id='par_1_10' title="bbox 173 1708 2190 1797">
     <span class='ocr_line' id='line_1_15' title="bbox 173 1708 2190 1797; baseline 0.003 -30"><span class='ocrx_word' id='word_1_84' title='bbox 173 1726 232 1767; x_wconf 84' lang='grc' dir='ltr'><strong>ιο</strong></span> <span class='ocrx_word' id='word_1_85' title='bbox 427 1708 581 1773; x_wconf 83' lang='lat' dir='ltr'><strong>Fuit</strong></span> <span class='ocrx_word' id='word_1_86' title='bbox 599 1711 846 1795; x_wconf 77' lang='lat' dir='ltr'><strong>semper</strong></span> <span class='ocrx_word' id='word_1_87' title='bbox 873 1708 1284 1775; x_wconf 66' lang='lat' dir='ltr'><strong>familiaritas.</strong></span> <span class='ocrx_word' id='word_1_88' title='bbox 1323 1708 1443 1777; x_wconf 76' lang='lat' dir='ltr'><strong>Cn.</strong></span> <span class='ocrx_word' id='word_1_89' title='bbox 1465 1711 1877 1797; x_wconf 71' lang='lat' dir='ltr'><strong>Voluptatem</strong></span> <span class='ocrx_word' id='word_1_90' title='bbox 1892 1733 2190 1797; x_wconf 86' lang='lat' dir='ltr'><strong>magnam</strong></span> 
     </span>
    </p>

    <p class='ocr_par' dir='ltr' id='par_1_11' title="bbox 1105 1805 1380 1869">
     <span class='ocr_line' id='line_1_16' title="bbox 1105 1805 1380 1869; baseline 0.007 -2"><span class='ocrx_word' id='word_1_91' title='bbox 1105 1805 1380 1869; x_wconf 75' lang='lat' dir='ltr'><strong>nuntias·</strong></span> 
     </span>
    </p>

    <p class='ocr_par' dir='ltr' id='par_1_12' title="bbox 430 1896 2327 2079">
     <span class='ocr_line' id='line_1_17' title="bbox 430 1896 2327 1979; baseline -0.001 -17"><span class='ocrx_word' id='word_1_92' title='bbox 430 1896 643 1979; x_wconf 83' lang='lat' dir='ltr'><strong>Quam</strong></span> <span class='ocrx_word' id='word_1_93' title='bbox 685 1898 918 1963; x_wconf 72' lang='lat' dir='ltr'><strong>uellem</strong></span> <span class='ocrx_word' id='word_1_94' title='bbox 961 1898 1418 1964; x_wconf 89' lang='lat' dir='ltr'><strong>Menedemum</strong></span> <span class='ocrx_word' id='word_1_95' title='bbox 1458 1900 1819 1977; x_wconf 82' lang='lat' dir='ltr'><strong>inuitatum,</strong></span> <span class='ocrx_word' id='word_1_96' title='bbox 1863 1909 1935 1964; x_wconf 91' lang='lat' dir='ltr'><strong>ut</strong></span> <span class='ocrx_word' id='word_1_97' title='bbox 1976 1898 2191 1963; x_wconf 63' lang='lat' dir='ltr'><strong>nubis·</strong></span> <span class='ocrx_word' id='word_1_98' title='bbox 2225 1904 2327 1961; x_wconf 85' lang='lat'><strong>185</strong></span> 
     </span>
     <span class='ocr_line' id='line_1_18' title="bbox 1107 1993 1802 2079; baseline 0 -22"><span class='ocrx_word' id='word_1_99' title='bbox 1107 2014 1253 2057; x_wconf 91' lang='lat' dir='ltr'><strong>cum</strong></span> <span class='ocrx_word' id='word_1_100' title='bbox 1286 2004 1472 2070; x_wconf 82' lang='lat' dir='ltr'><strong>esset,</strong></span> <span class='ocrx_word' id='word_1_101' title='bbox 1510 1993 1802 2079; x_wconf 63' lang='lat' dir='ltr'><strong>ampliate,</strong></span> 
     </span>
    </p>

    <p class='ocr_par' dir='ltr' id='par_1_13' title="bbox 415 2085 2192 2244">
     <span class='ocr_line' id='line_1_19' title="bbox 415 2085 2192 2173; baseline -0.001 -21"><span class='ocrx_word' id='word_1_102' title='bbox 415 2085 507 2152; x_wconf 90' lang='lat' dir='ltr'><strong>Vt</strong></span> <span class='ocrx_word' id='word_1_103' title='bbox 540 2086 703 2151; x_wconf 72' lang='lat' dir='ltr'><strong>hanc</strong></span> <span class='ocrx_word' id='word_1_104' title='bbox 736 2086 1041 2151; x_wconf 75' lang='lat' dir='ltr'><strong>laetitiam</strong></span> <span class='ocrx_word' id='word_1_105' title='bbox 1075 2087 1479 2171; x_wconf 77' lang='lat' dir='ltr'><strong>necopinanti</strong></span> <span class='ocrx_word' id='word_1_106' title='bbox 1511 2090 1751 2173; x_wconf 82' lang='lat' dir='ltr'><strong>primus</strong></span> <span class='ocrx_word' id='word_1_107' title='bbox 1786 2087 2098 2152; x_wconf 87' lang='lat' dir='ltr'><strong>obicerem</strong></span> <span class='ocrx_word' id='word_1_108' title='bbox 2132 2088 2192 2153; x_wconf 85' lang='lat' dir='ltr'><strong>ei</strong></span> 
     </span>
     <span class='ocr_line' id='line_1_20' title="bbox 1107 2179 1306 2244; baseline 0 0"><span class='ocrx_word' id='word_1_109' title='bbox 1107 2179 1306 2244; x_wconf 80' lang='lat' dir='ltr'><strong>domi!</strong></span> 
     </span>
    </p>

    <p class='ocr_par' dir='ltr' id='par_1_14' title="bbox 429 2229 2187 2455">
     <span class='ocr_line' id='line_1_21' title="bbox 429 2229 2187 2361; baseline 0 -21"><span class='ocrx_word' id='word_1_110' title='bbox 429 2254 648 2358; x_wconf 88' lang='lat' dir='ltr'><strong>Atque</strong></span> <span class='ocrx_word' id='word_1_111' title='bbox 684 2229 875 2340; x_wconf 88' lang='lat' dir='ltr'><strong>etiam</strong></span> <span class='ocrx_word' id='word_1_112' title='bbox 907 2296 1080 2340; x_wconf 91' lang='lat' dir='ltr'><strong>nunc</strong></span> <span class='ocrx_word' id='word_1_113' title='bbox 1126 2276 1377 2361; x_wconf 73' lang='lat' dir='ltr'><strong>tempus</strong></span> <span class='ocrx_word' id='word_1_114' title='bbox 1422 2285 1536 2341; x_wconf 80' lang='lat' dir='ltr'><strong>est.</strong></span> <span class='ocrx_word' id='word_1_115' title='bbox 1626 2272 1740 2342; x_wconf 77' lang='lat' dir='ltr'><strong>Cn.</strong></span> <span class='ocrx_word' id='word_1_116' title='bbox 1780 2274 1958 2342; x_wconf 87' lang='lat' dir='ltr'><strong>Cane</strong></span> <span class='ocrx_word' id='word_1_117' title='bbox 1994 2273 2187 2342; x_wconf 70' lang='lat' dir='ltr'><strong>faxis:</strong></span> 
     </span>
     <span class='ocr_line' id='line_1_22' title="bbox 1110 2373 1818 2455; baseline 0.001 -21"><span class='ocrx_word' id='word_1_118' title='bbox 1110 2391 1238 2434; x_wconf 88' lang='lat' dir='ltr'><strong>non</strong></span> <span class='ocrx_word' id='word_1_119' title='bbox 1275 2392 1435 2455; x_wconf 81' lang='lat' dir='ltr'><strong>opus</strong></span> <span class='ocrx_word' id='word_1_120' title='bbox 1470 2373 1584 2447; x_wconf 75' lang='lat' dir='ltr'><strong>est,</strong></span> <span class='ocrx_word' id='word_1_121' title='bbox 1621 2381 1818 2455; x_wconf 88' lang='lat' dir='ltr'><strong>pater.</strong></span> 
     </span>
    </p>

    <p class='ocr_par' dir='ltr' id='par_1_15' title="bbox 259 2461 2190 2640">
     <span class='ocr_line' id='line_1_23' title="bbox 259 2461 2190 2549; baseline 0 -20"><span class='ocrx_word' id='word_1_122' title='bbox 259 2463 384 2530; x_wconf 76' lang='lat' dir='ltr'><strong>Cn.</strong></span> <span class='ocrx_word' id='word_1_123' title='bbox 440 2461 885 2549; x_wconf 73' lang='lat' dir='ltr'><strong>Quaprdpter?</strong></span> <span class='ocrx_word' id='word_1_124' title='bbox 957 2461 1072 2528; x_wconf 68' lang='lat' dir='ltr'><strong>cn.</strong></span> <span class='ocrx_word' id='word_1_125' title='bbox 1126 2462 1298 2544; x_wconf 77' lang='lat' dir='ltr'><strong>Quia</strong></span> <span class='ocrx_word' id='word_1_126' title='bbox 1343 2465 1513 2528; x_wconf 90' lang='lat' dir='ltr'><strong>enim</strong></span> <span class='ocrx_word' id='word_1_127' title='bbox 1558 2464 1927 2529; x_wconf 77' lang='lat' dir='ltr'><strong>incertumst</strong></span> <span class='ocrx_word' id='word_1_128' title='bbox 1980 2464 2190 2543; x_wconf 90' lang='lat' dir='ltr'><strong>etiam,</strong></span> 
     </span>
     <span class='ocr_line' id='line_1_24' title="bbox 1107 2556 2088 2640; baseline 0.002 -19"><span class='ocrx_word' id='word_1_129' title='bbox 1107 2559 1260 2640; x_wconf 80' lang='lat' dir='ltr'><strong>quid</strong></span> <span class='ocrx_word' id='word_1_130' title='bbox 1295 2579 1365 2622; x_wconf 85' lang='lat' dir='ltr'><strong>se</strong></span> <span class='ocrx_word' id='word_1_131' title='bbox 1399 2558 1613 2623; x_wconf 86' lang='lat' dir='ltr'><strong>faciat.</strong></span> <span class='ocrx_word' id='word_1_132' title='bbox 1657 2556 1846 2623; x_wconf 66' lang='lat' dir='ltr'><strong>medo</strong></span> <span class='ocrx_word' id='word_1_133' title='bbox 1884 2558 2088 2636; x_wconf 85' lang='lat' dir='ltr'><strong>uenit3</strong></span> 
     </span>
    </p>

    <p class='ocr_par' dir='ltr' id='par_1_16' title="bbox 175 2649 2327 2998">
     <span class='ocr_line' id='line_1_25' title="bbox 175 2649 2191 2735; baseline 0.002 -24"><span class='ocrx_word' id='word_1_134' title='bbox 175 2668 230 2710; x_wconf 70' lang='grc' dir='ltr'><strong>ιε</strong></span> <span class='ocrx_word' id='word_1_135' title='bbox 429 2649 643 2714; x_wconf 85' lang='lat' dir='ltr'><strong>Timet</strong></span> <span class='ocrx_word' id='word_1_136' title='bbox 688 2651 919 2728; x_wconf 68' lang='lat' dir='ltr'><strong>emnia,</strong></span> <span class='ocrx_word' id='word_1_137' title='bbox 964 2651 1160 2735; x_wconf 78' lang='lat' dir='ltr'><strong>patris</strong></span> <span class='ocrx_word' id='word_1_138' title='bbox 1202 2654 1362 2715; x_wconf 82' lang='lat' dir='ltr'><strong>iram</strong></span> <span class='ocrx_word' id='word_1_139' title='bbox 1408 2662 1473 2717; x_wconf 89' lang='lat' dir='ltr'><strong>et</strong></span> <span class='ocrx_word' id='word_1_140' title='bbox 1515 2652 1795 2716; x_wconf 90' lang='lat' dir='ltr'><strong>animum</strong></span> <span class='ocrx_word' id='word_1_141' title='bbox 1839 2655 2077 2717; x_wconf 83' lang='lat' dir='ltr'><strong>amicae</strong></span> <span class='ocrx_word' id='word_1_142' title='bbox 2122 2674 2191 2716; x_wconf 82' lang='lat' dir='ltr'><strong>se</strong></span> 
     </span>
     <span class='ocr_line' id='line_1_26' title="bbox 887 2741 1691 2831; baseline 0.001 -23"><span class='ocrx_word' id='word_1_143' title='bbox 887 2741 892 2748; x_wconf 79' lang='grc'><em>’</em></span> <span class='ocrx_word' id='word_1_144' title='bbox 1107 2767 1260 2831; x_wconf 86' lang='lat' dir='ltr'><strong>erga</strong></span> <span class='ocrx_word' id='word_1_145' title='bbox 1292 2757 1363 2811; x_wconf 89' lang='lat' dir='ltr'><strong>ut</strong></span> <span class='ocrx_word' id='word_1_146' title='bbox 1402 2748 1482 2810; x_wconf 82' lang='lat' dir='ltr'><strong>sit</strong></span> <span class='ocrx_word' id='word_1_147' title='bbox 1518 2769 1691 2810; x_wconf 85' lang='lat' dir='ltr'><strong>suae.</strong></span> 
     </span>
     <span class='ocr_line' id='line_1_27' title="bbox 432 2835 2327 2925; baseline 0.001 -24"><span class='ocrx_word' id='word_1_148' title='bbox 432 2835 598 2901; x_wconf 87' lang='lat' dir='ltr'><strong>Eam</strong></span> <span class='ocrx_word' id='word_1_149' title='bbox 633 2840 858 2903; x_wconf 82' lang='lat' dir='ltr'><strong>misere</strong></span> <span class='ocrx_word' id='word_1_150' title='bbox 893 2849 1064 2902; x_wconf 87' lang='lat' dir='ltr'><strong>amat</strong></span> <span class='ocrx_word' id='word_1_151' title='bbox 1073 2862 1091 2915; x_wconf 91' lang='lat'>;</span> <span class='ocrx_word' id='word_1_152' title='bbox 1127 2841 1386 2925; x_wconf 75' lang='lat' dir='ltr'><strong>propter</strong></span> <span class='ocrx_word' id='word_1_153' title='bbox 1420 2861 1560 2904; x_wconf 90' lang='lat' dir='ltr'><strong>eam</strong></span> <span class='ocrx_word' id='word_1_154' title='bbox 1596 2839 1754 2904; x_wconf 86' lang='lat' dir='ltr'><strong>haec</strong></span> <span class='ocrx_word' id='word_1_155' title='bbox 1781 2839 1968 2904; x_wconf 89' lang='lat' dir='ltr'><strong>turba</strong></span> <span class='ocrx_word' id='word_1_156' title='bbox 2002 2849 2190 2923; x_wconf 86' lang='lat' dir='ltr'><strong>atque</strong></span> <span class='ocrx_word' id='word_1_157' title='bbox 2225 2845 2327 2902; x_wconf 90' lang='grc'><strong>190</strong></span> 
     </span>
     <span class='ocr_line' id='line_1_28' title="bbox 1103 2931 1977 2998; baseline 0.001 -2"><span class='ocrx_word' id='word_1_158' title='bbox 1103 2933 1298 2997; x_wconf 73' lang='lat' dir='ltr'><strong>abitio</strong></span> <span class='ocrx_word' id='word_1_159' title='bbox 1335 2935 1566 2998; x_wconf 83' lang='lat' dir='ltr'><strong>euenit.</strong></span> <span class='ocrx_word' id='word_1_160' title='bbox 1640 2931 1759 2997; x_wconf 78' lang='lat' dir='ltr'><strong>Cn.</strong></span> <span class='ocrx_word' id='word_1_161' title='bbox 1808 2931 1977 2998; x_wconf 78' lang='lat' dir='ltr'><strong>Scio·</strong></span> 
     </span>
    </p>

    <p class='ocr_par' dir='ltr' id='par_1_17' title="bbox 259 3023 2187 3207">
     <span class='ocr_line' id='line_1_29' title="bbox 259 3023 2187 3113; baseline 0 -22"><span class='ocrx_word' id='word_1_162' title='bbox 259 3023 378 3092; x_wconf 73' lang='lat' dir='ltr'><strong>CL.</strong></span> <span class='ocrx_word' id='word_1_163' title='bbox 431 3023 624 3090; x_wconf 87' lang='lat' dir='ltr'><strong>Nunc</strong></span> <span class='ocrx_word' id='word_1_164' title='bbox 666 3026 984 3091; x_wconf 70' lang='lat' dir='ltr'><strong>seruolum</strong></span> <span class='ocrx_word' id='word_1_165' title='bbox 1029 3025 1112 3090; x_wconf 88' lang='lat' dir='ltr'><strong>ad</strong></span> <span class='ocrx_word' id='word_1_166' title='bbox 1154 3049 1296 3091; x_wconf 88' lang='lat' dir='ltr'><strong>eam</strong></span> <span class='ocrx_word' id='word_1_167' title='bbox 1337 3027 1404 3091; x_wconf 89' lang='lat' dir='ltr'><strong>in</strong></span> <span class='ocrx_word' id='word_1_168' title='bbox 1448 3028 1673 3092; x_wconf 75' lang='lat' dir='ltr'><strong>urbem</strong></span> <span class='ocrx_word' id='word_1_169' title='bbox 1715 3027 1914 3104; x_wconf 78' lang='lat' dir='ltr'><strong>misit,</strong></span> <span class='ocrx_word' id='word_1_170' title='bbox 1958 3029 2023 3092; x_wconf 74' lang='lat' dir='ltr'><strong>et</strong></span> <span class='ocrx_word' id='word_1_171' title='bbox 2066 3048 2187 3113; x_wconf 85' lang='lat' dir='ltr'><strong>ego</strong></span> 
     </span>
     <span class='ocr_line' id='line_1_30' title="bbox 1105 3121 1849 3207; baseline 0.001 -23"><span class='ocrx_word' id='word_1_172' title='bbox 1105 3131 1394 3186; x_wconf 80' lang='lat' dir='ltr'><strong>nostrum</strong></span> <span class='ocrx_word' id='word_1_173' title='bbox 1428 3126 1557 3187; x_wconf 69' lang='lat' dir='ltr'><strong>una</strong></span> <span class='ocrx_word' id='word_1_174' title='bbox 1593 3121 1849 3207; x_wconf 85' lang='lat' dir='ltr'><strong>Syrum.</strong></span> 
     </span>
    </p>

    <p class='ocr_par' dir='ltr' id='par_1_18' title="bbox 259 3211 2187 3467">
     <span class='ocr_line' id='line_1_31' title="bbox 259 3211 2185 3295; baseline -0.001 -15"><span class='ocrx_word' id='word_1_175' title='bbox 259 3212 382 3281; x_wconf 76' lang='lat' dir='ltr'><strong>Cn.</strong></span> <span class='ocrx_word' id='word_1_176' title='bbox 440 3211 618 3294; x_wconf 82' lang='lat' dir='ltr'><strong>Quid</strong></span> <span class='ocrx_word' id='word_1_177' title='bbox 660 3214 910 3278; x_wconf 61' lang='lat' dir='ltr'><strong>nen-at?</strong></span> <span class='ocrx_word' id='word_1_178' title='bbox 981 3211 1095 3278; x_wconf 64' lang='lat' dir='ltr'><strong>CL.</strong></span> <span class='ocrx_word' id='word_1_179' title='bbox 1152 3212 1328 3295; x_wconf 80' lang='lat' dir='ltr'><strong>Quid</strong></span> <span class='ocrx_word' id='word_1_180' title='bbox 1370 3215 1515 3280; x_wconf 80' lang='lat' dir='ltr'><strong>ille?</strong></span> <span class='ocrx_word' id='word_1_181' title='bbox 1574 3213 1647 3280; x_wconf 73' lang='lat' dir='ltr'><strong>se</strong></span> <span class='ocrx_word' id='word_1_182' title='bbox 1686 3216 1983 3280; x_wconf 84' lang='lat' dir='ltr'><strong>miserum</strong></span> <span class='ocrx_word' id='word_1_183' title='bbox 2030 3237 2185 3280; x_wconf 78' lang='lat' dir='ltr'><strong>esse.</strong></span> 
     </span>
     <span class='ocr_line' id='line_1_32' title="bbox 1105 3305 2187 3392; baseline 0.001 -20"><span class='ocrx_word' id='word_1_184' title='bbox 1105 3305 1225 3372; x_wconf 78' lang='lat' dir='ltr'><strong>Cn.</strong></span> <span class='ocrx_word' id='word_1_185' title='bbox 1294 3307 1650 3373; x_wconf 72' lang='lat' dir='ltr'><strong>MIserum?</strong></span> <span class='ocrx_word' id='word_1_186' title='bbox 1728 3331 1916 3392; x_wconf 90' lang='lat' dir='ltr'><strong>quem</strong></span> <span class='ocrx_word' id='word_1_187' title='bbox 1977 3309 2187 3373; x_wconf 83' lang='lat' dir='ltr'><strong>minus</strong></span> 
     </span>
     <span class='ocr_line' id='line_1_33' title="bbox 1105 3401 1430 3467; baseline -0.003 0"><span class='ocrx_word' id='word_1_188' title='bbox 1105 3401 1430 3467; x_wconf 77' lang='lat' dir='ltr'><strong>crederes?</strong></span> 
     </span>
    </p>

    <p class='ocr_par' dir='ltr' id='par_1_19' title="bbox 431 3492 2215 3655">
     <span class='ocr_line' id='line_1_34' title="bbox 431 3492 2215 3581; baseline 0.002 -22"><span class='ocrx_word' id='word_1_189' title='bbox 431 3493 609 3576; x_wconf 83' lang='lat' dir='ltr'><strong>Quid</strong></span> <span class='ocrx_word' id='word_1_190' title='bbox 633 3494 912 3560; x_wconf 75' lang='lat' dir='ltr'><strong>relicuist</strong></span> <span class='ocrx_word' id='word_1_191' title='bbox 929 3495 1083 3579; x_wconf 89' lang='lat' dir='ltr'><strong>quin</strong></span> <span class='ocrx_word' id='word_1_192' title='bbox 1101 3494 1352 3573; x_wconf 74' lang='lat' dir='ltr'><strong>habeat,</strong></span> <span class='ocrx_word' id='word_1_193' title='bbox 1374 3516 1537 3581; x_wconf 88' lang='lat' dir='ltr'><strong>quae</strong></span> <span class='ocrx_word' id='word_1_194' title='bbox 1555 3496 1812 3580; x_wconf 89' lang='lat' dir='ltr'><strong>quidem</strong></span> <span class='ocrx_word' id='word_1_195' title='bbox 1840 3497 1905 3559; x_wconf 93' lang='lat' dir='ltr'><strong>in</strong></span> <span class='ocrx_word' id='word_1_196' title='bbox 1932 3497 2186 3562; x_wconf 74' lang='lat' dir='ltr'><strong>hdmine</strong></span> <span class='ocrx_word' id='word_1_197' title='bbox 2211 3492 2215 3496; x_wconf 65' lang='grc'><strong>’</strong></span> 
     </span>
     <span class='ocr_line' id='line_1_35' title="bbox 1103 3589 1639 3655; baseline 0 -2"><span class='ocrx_word' id='word_1_198' title='bbox 1103 3589 1399 3655; x_wconf 73' lang='lat' dir='ltr'><strong>dicuntur</strong></span> <span class='ocrx_word' id='word_1_199' title='bbox 1432 3590 1639 3655; x_wconf 82' lang='lat' dir='ltr'><strong>bona?</strong></span> 
     </span>
    </p>

    <p class='ocr_par' dir='ltr' id='par_1_20' title="bbox 171 3683 2185 3770">
     <span class='ocr_line' id='line_1_36' title="bbox 171 3683 2185 3770; baseline 0.003 -25"><span class='ocrx_word' id='word_1_200' title='bbox 171 3705 230 3745; x_wconf 70' lang='lat' dir='ltr'><strong>ao</strong></span> <span class='ocrx_word' id='word_1_201' title='bbox 429 3683 750 3760; x_wconf 71' lang='lat' dir='ltr'><strong>ParentiS,</strong></span> <span class='ocrx_word' id='word_1_202' title='bbox 818 3683 1087 3769; x_wconf 88' lang='lat' dir='ltr'><strong>patriam</strong></span> <span class='ocrx_word' id='word_1_203' title='bbox 1146 3684 1556 3761; x_wconf 75' lang='lat' dir='ltr'><strong>incdlumem‚</strong></span> <span class='ocrx_word' id='word_1_204' title='bbox 1628 3683 1891 3761; x_wconf 69' lang='lat' dir='ltr'><strong>amicOS,</strong></span> <span class='ocrx_word' id='word_1_205' title='bbox 1961 3687 2185 3770; x_wconf 68' lang='lat' dir='ltr'><strong>genua,</strong></span> 
     </span>
    </p>

    <p class='ocr_par' dir='ltr' id='par_1_21' title="bbox 1099 3778 1668 3864">
     <span class='ocr_line' id='line_1_37' title="bbox 1099 3778 1668 3864; baseline -0.002 -21"><span class='ocrx_word' id='word_1_206' title='bbox 1099 3790 1423 3864; x_wconf 58' lang='lat' dir='ltr'><strong>cognatm,</strong></span> <span class='ocrx_word' id='word_1_207' title='bbox 1460 3778 1668 3842; x_wconf 76' lang='lat' dir='ltr'><strong>ditias·</strong></span> 
     </span>
    </p>

    <p class='ocr_par' dir='ltr' id='par_1_22' title="bbox 431 3870 2320 4050">
     <span class='ocr_line' id='line_1_38' title="bbox 431 3870 2320 3958; baseline -0.002 -24"><span class='ocrx_word' id='word_1_208' title='bbox 431 3871 650 3953; x_wconf 83' lang='lat' dir='ltr'><strong>Atque</strong></span> <span class='ocrx_word' id='word_1_209' title='bbox 687 3870 842 3936; x_wconf 74' lang='lat' dir='ltr'><strong>haec</strong></span> <span class='ocrx_word' id='word_1_210' title='bbox 875 3870 1138 3957; x_wconf 88' lang='lat' dir='ltr'><strong>perinde</strong></span> <span class='ocrx_word' id='word_1_211' title='bbox 1175 3872 1323 3936; x_wconf 75' lang='lat' dir='ltr'><strong>sunt</strong></span> <span class='ocrx_word' id='word_1_212' title='bbox 1355 3883 1429 3937; x_wconf 90' lang='lat' dir='ltr'><strong>ut</strong></span> <span class='ocrx_word' id='word_1_213' title='bbox 1460 3870 1630 3936; x_wconf 81' lang='lat' dir='ltr'><strong>illius</strong></span> <span class='ocrx_word' id='word_1_214' title='bbox 1663 3871 1940 3937; x_wconf 76' lang='lat' dir='ltr'><strong>animust</strong></span> <span class='ocrx_word' id='word_1_215' title='bbox 1967 3871 2076 3958; x_wconf 88' lang='lat' dir='ltr'><strong>qui</strong></span> <span class='ocrx_word' id='word_1_216' title='bbox 2109 3895 2187 3938; x_wconf 89' lang='lat' dir='ltr'><strong>ea</strong></span> <span class='ocrx_word' id='word_1_217' title='bbox 2220 3877 2320 3932; x_wconf 87' lang='grc'><strong>195</strong></span> 
     </span>
     <span class='ocr_line' id='line_1_39' title="bbox 1101 3965 1411 4050; baseline 0 -20"><span class='ocrx_word' id='word_1_218' title='bbox 1101 3965 1411 4050; x_wconf 71' lang='lat' dir='ltr'><strong>pdosidet:</strong></span> 
     </span>
    </p>

    <p class='ocr_par' dir='ltr' id='par_1_23' title="bbox 430 4055 2184 4220">
     <span class='ocr_line' id='line_1_40' title="bbox 430 4055 2184 4144; baseline 0.002 -23"><span class='ocrx_word' id='word_1_219' title='bbox 430 4055 563 4140; x_wconf 79' lang='lat' dir='ltr'><strong>Qui</strong></span> <span class='ocrx_word' id='word_1_220' title='bbox 597 4059 693 4123; x_wconf 77' lang='lat' dir='ltr'><strong>uti</strong></span> <span class='ocrx_word' id='word_1_221' title='bbox 735 4057 873 4135; x_wconf 80' lang='lat' dir='ltr'><strong>scit,</strong></span> <span class='ocrx_word' id='word_1_222' title='bbox 920 4059 978 4124; x_wconf 91' lang='lat' dir='ltr'><strong>ei</strong></span> <span class='ocrx_word' id='word_1_223' title='bbox 1020 4059 1216 4131; x_wconf 70' lang='lat' dir='ltr'><strong>bonaz</strong></span> <span class='ocrx_word' id='word_1_224' title='bbox 1265 4059 1379 4137; x_wconf 91' lang='lat' dir='ltr'><strong>ssli,</strong></span> <span class='ocrx_word' id='word_1_225' title='bbox 1433 4059 1542 4144; x_wconf 90' lang='lat' dir='ltr'><strong>qui</strong></span> <span class='ocrx_word' id='word_1_226' title='bbox 1584 4081 1714 4125; x_wconf 88' lang='lat' dir='ltr'><strong>non</strong></span> <span class='ocrx_word' id='word_1_227' title='bbox 1757 4059 1954 4126; x_wconf 74' lang='lat' dir='ltr'><strong>utitur</strong></span> <span class='ocrx_word' id='word_1_228' title='bbox 1994 4061 2184 4137; x_wconf 77' lang='lat' dir='ltr'><strong>recte,</strong></span> 
     </span>
     <span class='ocr_line' id='line_1_41' title="bbox 1101 4153 1288 4220; baseline 0.016 -4"><span class='ocrx_word' id='word_1_229' title='bbox 1101 4153 1288 4220; x_wconf 77' lang='lat' dir='ltr'><strong>mala.</strong></span> 
     </span>
    </p>
   </div>
  </div>
 </body>
</html>
