2725 4650
154 347 204 420 1,
235 349 289 403 1.
313 349 349 403 2
889 360 893 364 ·
1078 343 1393 408 finem
2079 327 2201 394 199

964 1050 1372 1132 ACTVS
1424 1049 1491 1129 I.

860 1220 1274 1284 Pn11.0·r1s
1397 1219 1618 1286 SYRA

907 1311 1210 1378 MERETRJX
1413 1335 1569 1379 Anvs

159 1468 200 1520 Ι,
227 1471 251 1508 1
267 1451 389 1515 ΡΗ.
431 1451 562 1516 Per
594 1451 702 1536 pdl
737 1472 929 1535 quam
964 1472 1200 1535 paucos
1236 1450 1513 1535 reperias
1550 1449 1981 1514 meretricibus

436 1544 676 1608 Fidelis
711 1546 966 1610 euenire
1002 1546 1335 1620 amatores,
1374 1541 1559 1629 Syra.

438 1638 562 1705 Vel
597 1638 700 1704 hic
731 1638 1108 1725 Pamphilus
1145 1638 1397 1702 iurabat
1431 1637 1720 1721 quotiens
1756 1637 2080 1715 Bacchidi,
2236 1645 2305 1698 60

440 1731 656 1813 Quam
690 1735 924 1810 sancte,
960 1744 1032 1796 ut
1066 1732 1275 1816 quiuis
1309 1731 1494 1796 facile
1529 1742 1751 1816 posset·
1777 1731 2049 1808 credere,

213 1845 241 1886 5
436 1827 805 1910 Numquam
837 1828 947 1891 ffla
980 1827 1132 1891 uiua
1167 1827 1503 1890 ducturum
1540 1827 1803 1890 uxorem
1840 1824 2123 1890 domum!

439 1921 585 1996 Em,
622 1921 820 1986 duxit.
893 1920 1002 1987 Sr.
1040 1920 1216 2006 Ergo
1252 1922 1587 2005 prdpterea
1621 1931 1685 1985 te
1720 1919 1941 1985 sedulo

439 2015 526 2079 Et
559 2015 786 2080 mdneo
821 2025 885 2080 et
920 2014 1152 2091 hortor,
1189 2014 1269 2078 ne
1305 2014 1727 2097 quoiusquam
1762 2013 2074 2091 misereat,

438 2107 614 2188 Quin
649 2109 880 2194 spdlies
920 2108 1168 2172 mutiles
1202 2108 1463 2185 lacereS,
1508 2128 1825 2191 quemque
1868 2111 2053 2172 nacta
2094 2107 2200 2173 sis.
2238 2121 2307 2175 65

267 2203 386 2267 ΡΗ.
432 2204 627 2270 Vtine
664 2203 965 2269 eximium
999 2201 1315 2267 neminem
1350 2200 1660 2267 habeam?
1700 2201 1809 2268 Sr.
1836 2201 2199 2268 Neminem:

187 2315 242 2354 10
438 2295 607 2361 Nam
642 2299 829 2362 nemo
873 2296 1123 2363 illorum
1161 2297 1515 2382 quisquam,
1561 2293 1739 2373 scito,
1784 2294 1865 2361 ad
1907 2298 1970 2363 te
2004 2297 2199 2374 uenit,

437 2391 614 2473 Quin
645 2395 737 2457 ita
769 2402 948 2477 paret
981 2415 1140 2468 sese,
1175 2392 1290 2455 abs
1326 2402 1390 2457 te
1426 2402 1496 2456 ut
1532 2390 1848 2456 blanditiis
1884 2392 2016 2457 suis

439 2485 655 2567 Quam
688 2488 968 2551 minumo
1003 2486 1203 2572 pretio
1239 2488 1422 2550 suam
1456 2484 1848 2570 uoluptatem
1887 2486 2155 2572 expleat.

436 2581 700 2646 Hiseine
735 2592 806 2646 tu
841 2580 1069 2645 amabo
1105 2582 1232 2645 ndn
1269 2590 1489 2645 contra
1520 2578 1939 2645 insidiabere?
2234 2582 2303 2637 70

265 2672 386 2737 PH.
432 2674 680 2740 Tamen
713 2676 820 2760 pol
858 2674 1120 2740 eandem
1156 2673 1513 2739 iniuriumst
1547 2696 1685 2739 esse
1720 2674 2028 2741 dmnibus.

189 2786 242 2826 15
271 2766 377 2833 SY.
432 2769 744 2834 Iniurium
780 2779 992 2834 autem
1028 2779 1125 2833 est
1158 2767 1377 2833 ulcisci
1411 2767 1845 2832 aduorsarios‘?

433 2864 572 2927 Aut
607 2867 734 2949 qua
767 2862 874 2928 uia
907 2875 969 2928 te
1005 2866 1278 2948 captent,
1315 2863 1539 2928 eadem
1572 2862 1739 2947 ipsds
1775 2861 1955 2948 capi?

435 2957 622 3022 Eheu
656 2979 759 3021 me
793 2956 1109 3034 miseram,
1145 2958 1306 3041 qudr
1338 2977 1467 3020 non
1504 2968 1613 3021 aut
1646 2956 1842 3021 istaec
1874 2954 2029 3022 mihi

435 3051 637 3117 Aetas
674 3062 734 3117 et
771 3050 1033 3117 formast
1068 3051 1176 3115 aut
1210 3050 1327 3115 tibi
1362 3049 1518 3115 haee
1555 3049 1890 3115 sententia!
2232 3060 2299 3115 75

585 3255 991 3322 PAmmno
1113 3255 1529 3320 Pn1now1s
1654 3253 1875 3320 SYRA

669 3371 891 3414 sanvos
1161 3372 1464 3412 mmm
1675 3371 1829 3414 Anvs

157 3481 197 3531 1,
221 3462 381 3527 2PA.
429 3458 644 3527 Senex
678 3461 732 3525 si
767 3471 1026 3544 quaeret
1059 3461 1182 3536 me,
1217 3460 1405 3524 modo
1439 3460 1563 3525 isse
1600 3458 1789 3525 dicito

432 3554 544 3621 Ad
576 3556 828 3640 pdrtum
861 3556 1295 3641 percontatum
1330 3553 1675 3619 aduentum
1709 3553 2049 3639 Pamphili.

431 3648 652 3714 Audin
685 3648 842 3733 quid
876 3648 1102 3725 dicam,
1140 3645 1383 3715 Scirte?
1426 3647 1481 3711 si
1516 3648 1775 3731 quaeret
1808 3670 1931 3724 me,
1967 3648 2061 3712 uti

431 3743 602 3807 Tum
638 3743 840 3821 fflcas3
877 3743 931 3809 si
964 3764 1092 3808 non
1127 3743 1406 3825 quaeret,
1441 3741 1653 3805 nullus
1691 3740 1941 3829 dixeris,

209 3860 235 3899 ο
430 3838 616 3902 Alias
651 3848 722 3901 ut
756 3838 848 3902 uti
881 3837 1117 3923 pdssim
1152 3857 1342 3901 causa
1378 3835 1495 3901 hac
1528 3837 1795 3920 integra.
2230 3848 2298 3899 80

434 3931 565 3998 Sed
600 3932 830 3997 uideon
866 3953 986 4017 ego
1021 3929 1405 3994 Phildtium?
1452 3929 1621 3997 unde
1659 3930 1815 3996 haec
1848 3930 2145 3996 aduenit?

430 4026 730 4104 Phildtis,
801 4025 977 4091 salue
1044 4024 1332 4087 multum.
1433 4024 1555 4091 Pa.
1627 4020 1690 4088 O
1762 4025 1966 4102 salue,
2035 4024 2195 4089 Par-

1106 4138 1313 4185 meno-
