2725 4650
80 320 189 391 111,
214 320 253 378 3
942 312 1357 373 ADELPHOE
1729 334 1744 351 .
1991 296 2118 367 253

360 442 532 509 Eum
564 440 939 527 quaeritare,
974 441 1321 523 numquam
1357 439 1526 505 dicet
1561 434 1883 505 carnufex.

108 556 163 597 ιο
358 538 505 603 Non
554 537 888 603 estendam
939 535 1007 599 id
1058 556 1160 599 me
1214 535 1398 600 uelle.
1489 532 1598 599 SY.
1655 531 1934 599 Omnem
1985 555 2120 599 rem

1037 627 1222 691 medo
1258 627 1394 691 seni

361 722 511 806 Quo
546 727 734 809 pacto
770 722 1053 799 haberet,
1090 722 1458 785 enarramus
1493 721 1740 785 erdine:
2155 725 2257 779 365

362 818 471 883 Nil
506 820 849 902 quicquam
883 815 1018 879 uidi
1050 816 1298 881 laetius.
1377 812 1506 879 ΒΕ.
1549 814 1680 878 Pro
1714 814 2018 899 Iuppiter,

364 912 659 977 Hominis
697 908 1053 976 stultitiam!
1125 908 1237 976 ΒΥ.
1284 907 1710 974 Oenlaudauit
1742 908 1977 985 filium3

358 1006 547 1084 Mihi,
584 1006 695 1090 qui
726 1004 795 1069 id
831 1004 1147 1070 dedissem
1180 1003 1535 1079 censilium,
1573 1003 1704 1089 egit
1738 1003 1992 1087 gratias·

110 1116 162 1158 15
185 1099 315 1165 ΒΕ.
359 1100 771 1185 Disrumporl
842 1098 953 1167 Sr-
990 1100 1355 1185 Argentum
1387 1097 1828 1180 adnumerauit
1859 1096 2034 1175 ilico;

360 1194 559 1260 Dedit
593 1204 919 1279 praeterea
950 1193 1019 1257 in
1053 1194 1378 1277 sumptum
1413 1189 1742 1256 dimidium
1775 1192 2009 1269 minae3
2153 1204 2258 1259 370

359 1289 439 1353 Id
474 1290 877 1353 distributum
911 1288 1061 1352 sene
1108 1297 1204 1353 est
1241 1309 1320 1351 ex
1356 1286 1684 1351 sententia.
1753 1285 1880 1349 ΒΕ.
1925 1286 2118 1363 Hem,

359 1383 533 1446 Huic
566 1384 847 1459 mandes,
882 1382 937 1446 si
972 1380 1127 1465 quid
1159 1382 1329 1446 recte
1367 1381 1654 1445 curatum
1689 1380 1868 1445 uelis.

190 1474 327 1541 δι’
354 1474 563 1541 Ehem
596 1476 865 1553 Demea,
906 1474 1082 1539 haud
1116 1476 1488 1559 aspexeram
1525 1484 1608 1539 te.
1679 1472 1834 1557 quid
1876 1473 2120 1558 agitur?

107 1588 161 1627 20
187 1568 312 1633 ΒΕ.
359 1568 537 1651 Quid
572 1570 840 1655 agatur?
872 1579 1153 1634 uostram
1187 1571 1433 1652 nequeo
1469 1568 1682 1633 mirari
1715 1568 1865 1633 satis

358 1664 715 1729 Ratienem.
824 1662 935 1729 ΒΥ.
1014 1662 1137 1727 Est
1194 1662 1406 1727 hercle
1467 1662 1681 1747 inepta
1689 1686 1708 1739 ;
1769 1684 1850 1727 ne
1913 1662 2119 1728 dicam
2152 1674 2254 1729 375

1034 1757 1199 1833 dole,

358 1851 679 1917 Absurde..
748 1852 941 1937 piscis
977 1850 1217 1916 ceteros
1252 1853 1478 1935 purga,
1513 1850 1786 1928 Drom03

361 1945 695 2031 Gongrum
725 1948 917 2010 istum
951 1968 1319 2010 maxumum
1359 1948 1428 2008 in
1471 1964 1636 2027 aqua
1680 1944 1866 2009 sinito
1900 1945 2117 2011 ludere

358 2040 725 2125 Tantisper:
762 2040 875 2104 ubi
912 2060 1033 2124 ego
1064 2038 1330 2115 redier0,
1367 2038 1800 2115 exossabitur3.

110 2151 163 2193 2⁵
358 2133 545 2199 Prius
587 2135 755 2199 nelo.
822 2133 949 2199 ΒΕ.
1004 2134 1289 2199 Haecine
1332 2132 1609 2217 flagitia?
1678 2131 1788 2198 Sr.
1842 2134 1942 2197 Mi
1979 2135 2116 2219 qui-

1030 2228 1176 2292 dem
1208 2228 1338 2291 nen
1371 2227 1645 2311 placent,

358 2320 445 2386 Et
479 2323 682 2388 clamo
716 2344 925 2406 saepe.
998 2323 1378 2388 salsamenta
1412 2320 1589 2398 haec,
1627 2318 1996 2406 stephanie,
2148 2334 2252 2390 380

356 2417 491 2482 Fac
522 2419 918 2481 macerentur
951 2416 1231 2500 pulchre.
1294 2414 1420 2478 ΒΕ.
1466 2414 1558 2479 Di
1591 2419 1867 2480 uestram
1901 2415 2113 2492 fidem,

356 2511 589 2577 Vtrum
622 2510 913 2577 studione
947 2509 1015 2575 id
1050 2510 1171 2574 sibi
1204 2509 1398 2575 habet
1433 2532 1514 2574 an
1547 2509 1724 2573 laudi
1757 2520 1940 2594 putat

356 2605 543 2681 Fore,
580 2607 635 2668 si
668 2604 1013 2688 perdiderit
1046 2604 1350 2689 gnatum?
1386 2625 1508 2668 uae
1542 2603 1768 2669 misere
1807 2604 1986 2669 mihi!

109 2719 162 2760 30
358 2699 596 2764 Videre.
629 2697 849 2763 uideor
882 2698 1009 2762 iam
1044 2698 1213 2762 diem
1253 2698 1453 2774 illum,
1497 2719 1690 2782 quom
1730 2697 1877 2762 hinc
1920 2721 2116 2784 egens

354 2793 689 2879 Profugiet
722 2793 934 2876 aliquo
968 2792 1323 2857 militatum.
1405 2790 1512 2856 SY.
1569 2789 1632 2856 Ο
1667 2791 1935 2870 Demea,
2146 2803 2249 2858 385

355 2888 530 2952 Istl'rc
565 2898 661 2952 est
695 2910 935 2973 sapere,
970 2889 1097 2952 nen
1133 2888 1306 2970 quod
1340 2897 1485 2952 ante
1519 2886 1716 2971 pedes
1749 2888 1996 2952 modost

356 2981 611 3058 Videre,
649 2983 762 3046 sed
797 2981 988 3048 etiam
1020 2983 1129 3045 flla
1164 3003 1328 3064 quae
1361 2979 1580 3045 futura
1615 2992 1760 3046 sunt

355 3075 744 3160 Prospicere.
848 3076 973 3139 ΒΕ.
1045 3075 1258 3156 Quid?
1324 3075 1519 3140 istaec
1576 3075 1702 3138 iam
1753 3099 1948 3160 penes
1997 3098 2112 3141 uos

1032 3169 1386 3252 psaltriast?

110 3281 161 3323 35
187 3262 299 3329 ΞΥ.
352 3262 561 3326 Ellam
594 3265 785 3327 intus.
856 3261 980 3327 ΒΕ.
1019 3261 1183 3340 Eho,
1220 3285 1303 3326 an
1328 3261 1560 3327 domist
1581 3263 1950 3328 habiturus?
2001 3263 2111 3330 Sr.

1030 3353 1261 3434 Crede,
1296 3367 1368 3421 ut
1403 3367 1498 3422 est

356 3451 713 3516 Dementia.
783 3450 907 3514 ΒΕ.
951 3451 1202 3515 Haecin
1236 3450 1404 3514 fieri!
1478 3447 1588 3515 Sr.
1630 3451 1858 3537 Inepta
1890 3451 2114 3517 lenitas
2145 3460 2248 3514 390

355 3545 563 3610 Patris
616 3548 679 3608 et
729 3544 997 3610 facilitas
1048 3547 1263 3628 praua.
1350 3542 1476 3607 ΒΕ.
1528 3544 1769 3608 Fratris
1820 3547 1922 3609 me
1973 3546 2114 3629 qui-

1028 3637 1173 3702 dem

356 3729 569 3796 Pudet
603 3731 920 3816 pigetque.
993 3729 1100 3796 Sr.
1146 3731 1426 3795 Nimium
1468 3732 1631 3796 inter
1673 3753 1809 3809 uos,
1844 3731 2111 3809 Demea,

359 3825 527 3907 (Non
578 3828 727 3908 quia
780 3826 929 3890 ades
981 3848 1279 3910 praesens
1332 3825 1472 3890 dIco
1531 3825 1676 3906 hoc)
1734 3826 2110 3911 pernimium

41 3979 92 4009 Μ
1028 3923 1305 3985 interest.

94 4012 165 4074 140
361 4014 487 4090 Tu,
524 4018 796 4098 quantus
833 4015 1146 4098 quantu’s,
1182 4013 1271 4079 nss
1306 4014 1428 4078 nisi
1463 4014 1768 4099 sapientia
1802 4035 1890 4090 es,

358 4107 475 4174 Ille
514 4110 846 4174 semnium.
919 4133 1063 4174 num
1100 4111 1333 4174 sineres
1369 4129 1521 4174 uero
1556 4109 1734 4174 illum
1767 4119 1944 4173 tuom
2005 4167 2008 4172 .
2145 4122 2248 4180 395

102 4619 105 4621 '
107 4166 121 4567 -.——..-—-=--·-—
