2725 4650
134 301 215 372 w,
238 299 272 356 1
1039 295 1342 358 ANDmA
2035 279 2155 352 -35

396 423 527 489 Vbi
558 425 721 511 epus
757 419 879 502 es't3
914 424 1005 490 illi
1036 424 1149 488 ubi
1182 423 1273 488 nil
1306 423 1513 510 opust,
1547 421 1636 487 ibi
1671 422 1986 488 uerentur.

153 533 194 575 1⁵
390 517 522 585 Sed
558 518 710 602 quid
746 519 973 604 agam?
1016 517 1321 583 adeamne
1366 517 1450 581 ad
1483 539 1631 582 eum
1665 527 1730 581 et
1769 537 1916 582 cum
1949 537 2027 582 eo
2059 515 2158 580 in-

1066 611 1293 676 iuriam
1329 610 1494 676 hanc
1529 610 1963 695 expdstulem?

389 683 686 792 ingeram
724 706 891 770 mala
924 705 1161 770 multa?
1194 714 1385 788 atque
1413 704 1637 789 aliquis
1665 703 1834 770 dicat
1867 704 1986 769 ‘nil
2012 725 2158 791 pro-
2191 714 2295 770 640

1069 799 1403 864 mdueris':

388 890 700 957 Multum:
766 893 1069 958 molestus
1130 894 1297 958 certe
1357 893 1418 959 ei
1475 891 1655 957 fuero
1707 901 1898 977 atque
1947 891 2159 958 animo
2265 931 2270 935 ·

1070 1009 1312 1053 morem
1347 988 1622 1073 gessero,

215 1077 335 1143 ΡΑ.
392 1076 692 1157 Charine,
738 1090 800 1144 et
842 1103 946 1146 me
990 1091 1053 1147 et
1096 1091 1161 1145 te
1203 1080 1570 1166 inprudens,
1613 1079 1734 1143 nisi
1775 1077 1929 1162 quid
1963 1079 2028 1144 di
2061 1101 2159 1144 re-

404 1248 418 1268 ,
1072 1174 1365 1260 spiciunt,
1401 1173 1666 1259 perdidi.

222 1263 342 1331 Cn.
387 1267 570 1332 Itane
625 1267 1065 1353 ‘inprudens’?
1117 1269 1375 1334 tandem
1425 1268 1742 1333 inuentast
1785 1267 2004 1333 causa:
2058 1288 2160 1332 so-

1067 1363 1240 1427 luisti
1271 1362 1482 1427 fidem.

154 1471 197 1510 20
218 1454 338 1519 ΡΑ.
395 1453 572 1536 Quid
622 1455 977 1521 ‘tandem’⁴?
1080 1452 1200 1521 Cn.
1272 1455 1488 1522 Etiam
1538 1457 1708 1520 m'mc
1767 1477 1870 1520 me
1927 1455 2159 1521 ducere

1069 1551 1207 1616 istis
1241 1550 1426 1615 dictis
1459 1550 1778 1636 pdstulas?

218 1641 338 1706 ΡΑ.
394 1641 569 1724 Quid
612 1644 777 1710 istuc
822 1645 955 1709 est?
1040 1643 1159 1709 On.
1211 1643 1564 1729 Postquam
1607 1666 1710 1710 me
1753 1666 1965 1709 amare
2009 1642 2159 1721 dixi,
2193 1651 2296 1708 645

1068 1738 1479 1823 conplacitast
1513 1736 1649 1803 tibi.

388 1831 541 1896 Heu
584 1853 687 1896 me
729 1831 1057 1908 miserum,
1114 1834 1225 1916 qui
1276 1841 1453 1895 tuom
1498 1831 1778 1896 animum
1821 1853 1902 1896 ex
1948 1830 2160 1897 animo

220 2016 341 2080 ΡΑ.
395 2017 667 2083 ΕέῙειιέ.
774 2016 897 2083 Gn.
968 2018 1035 2084 N
1032 1928 1377 2085 οιειῖἕιίοιῗίηὶξὶ
1386 1926 1558 2084 mg?
1587 2041 1723 2084 esse
1776 2019 1896 2083 hoc
1949 2021 2160 2085 uisum

1073 2112 1405 2178 sclidumst
1439 2112 1763 2198 gaudium,

390 2205 482 2269 Ni
528 2227 632 2271 me
683 2205 981 2271 lactasses
1032 2216 1349 2272 amantem
1411 2217 1475 2272 et
1533 2207 1694 2272 falsa
1753 2229 1866 2294 spe
1925 2207 2160 2292 produ-

1072 2301 1285 2368 ceres?

152 2406 199 2447 2⁵
390 2392 674 2458 Habeas.
725 2394 846 2459 ΡΑ.
882 2394 1218 2460 Habeam?
1252 2394 1353 2471 ah,
1379 2396 1586 2461 nescis
1608 2395 1859 2479 quantis
1884 2396 1952 2459 in
1977 2394 2156 2458 malis

1068 2490 1288 2555 uorser
1318 2489 1528 2566 miser,

392 2577 808 2664 Quantasque
843 2581 947 2647 hic
982 2583 1254 2648 consiliis
1290 2583 1422 2648 suis
1463 2582 1672 2670 [mihi]
1711 2582 2008 2647 conflauit
2033 2582 2157 2647 sol·
2189 2588 2294 2645 650

1072 2677 1450 2754 licitfidines,

389 2766 581 2833 Meus
610 2770 931 2836 carnufex.
1002 2769 1123 2836 Cn.
1162 2769 1341 2852 Quid
1374 2772 1536 2837 istuc
1571 2781 1701 2835 tam
1734 2770 2042 2849 mirumst,
2077 2770 2156 2837 de

1066 2876 1132 2931 te
1165 2866 1221 2930 si
1256 2866 1615 2951 exemplum
1651 2864 1856 2951 capit?

222 2954 340 3020 ΡΑ.
392 2957 592 3022 Haud
626 2960 789 3023 istuc
824 2957 1020 3037 dicae,
1058 2961 1113 3023 si
1146 2959 1436 3045 cognoris
1470 2959 1576 3024 uel
1609 2981 1713 3024 me
1745 2959 1850 3025 uel
1877 2962 2155 3026 amorem

1067 3074 1301 3118 meum.

224 3142 339 3209 Cn.
385 3144 565 3211 Scio:
630 3146 774 3209 cum
826 3158 1005 3231 patre
1056 3146 1372 3211 altercasti
1431 3145 1702 3225 dudum,
1766 3157 1829 3212 et
1879 3150 1933 3212 is
1983 3170 2154 3215 nunc

1066 3242 1402 3326 propterea
1436 3240 1552 3305 tibi

150 3348 197 3389 ³0
388 3332 734 3399 Suscenset
792 3356 911 3399 nec
970 3344 1032 3400 te
1086 3335 1289 3418 quiuit
1339 3333 1530 3400 hodie
1581 3337 1808 3421 cdgere
1859 3336 2031 3401 illam
2081 3348 2153 3402 ut

1066 3429 1349 3496 duceres.

216 3520 339 3586 ΡΑ.
387 3522 597 3586 Immo
632 3520 841 3599 etiam,
877 3543 1066 3607 quom
1099 3533 1171 3587 tu
1202 3525 1414 3588 minus
1449 3523 1570 3589 scis
1595 3527 1928 3590 aerumnas
1954 3548 2150 3605 meas,
2185 3538 2286 3595 655

384 3617 569 3681 Haec
603 3616 861 3701 nuptiae
894 3639 1023 3681 non
1056 3617 1528 3702 adparabantur
1558 3617 1734 3695 mihi,

385 3707 523 3774 Nec
556 3709 918 3794 pestulabat
950 3711 1119 3775 m'mc
1154 3710 1489 3795 quisquam
1525 3713 1789 3777 uxorem
1824 3711 1993 3777 dare.

220 3799 344 3866 Cn.
388 3800 567 3867 Scio:
604 3803 675 3865 tu
710 3813 964 3868 coactus
1000 3806 1110 3868 tua
1142 3804 1470 3869 uoluntate
1505 3804 1592 3867 es·
1670 3802 1791 3869 ΡΑ.
1834 3804 2060 3871 Mane:

147 3910 193 3951 ³5
385 3894 532 3959 Non
558 3894 711 3960 dum
738 3897 880 3963 scis,
952 3895 1074 3961 On.
1111 3894 1263 3963 Scio
1291 3896 1585 3980 equidem
1609 3897 1783 3963 illam
1810 3898 2144 3963 ducturum

1064 3993 1202 4056 esse
1236 4000 1319 4056 te.

213 4081 336 4147 ΡΑ.
390 4081 569 4167 Quor
602 4106 705 4152 me
740 4085 987 4152 enicas?
1019 4084 1141 4152 hoc
1176 4084 1351 4153 audi:
1389 4106 1737 4170 numquam
1771 4085 2007 4151 destitit
2175 4091 2279 4149 660

1731 4183 1800 4241 3*
