<?xml version="1.0" encoding="UTF-8"?>
<!DOCTYPE html PUBLIC "-//W3C//DTD XHTML 1.0 Transitional//EN"
    "http://www.w3.org/TR/xhtml1/DTD/xhtml1-transitional.dtd">
<html xmlns="http://www.w3.org/1999/xhtml" xml:lang="en" lang="en">
 <head>
  <title>
</title>
<meta http-equiv="Content-Type" content="text/html;charset=utf-8" />
  <meta name='ocr-system' content='tesseract 3.04.00' />
  <meta name='ocr-capabilities' content='ocr_page ocr_carea ocr_par ocr_line ocrx_word'/>
</head>
<body>
  <div class='ocr_page' id='page_1' title='image "./pterentiafricom02dziagoog/pterentiafricom02dziagoog_0201.png"; bbox 0 0 2725 4650; ppageno 0'>
   <div class='ocr_carea' id='block_1_1' title="bbox 83 340 2131 432">
    <p class='ocr_par' dir='ltr' id='par_1_1' title="bbox 83 340 2131 432">
     <span class='ocr_line' id='line_1_1' title="bbox 83 340 2131 432; baseline -0.003 -18"><span class='ocrx_word' id='word_1_1' title='bbox 83 360 130 432; x_wconf 88' lang='lat'>1,</span> <span class='ocrx_word' id='word_1_2' title='bbox 151 361 192 416; x_wconf 84' lang='lat'><strong>2</strong></span> <span class='ocrx_word' id='word_1_3' title='bbox 986 356 1337 414; x_wconf 76' lang='lat' dir='ltr'>Puosmo</span> <span class='ocrx_word' id='word_1_4' title='bbox 2008 340 2131 407; x_wconf 87' lang='lat'>153</span> 
     </span>
    </p>
   </div>
   <div class='ocr_carea' id='block_1_2' title="bbox 111 477 2236 4225">
    <p class='ocr_par' dir='ltr' id='par_1_2' title="bbox 111 477 2235 922">
     <span class='ocr_line' id='line_1_2' title="bbox 366 477 2038 565; baseline -0.002 -19"><span class='ocrx_word' id='word_1_5' title='bbox 366 480 571 554; x_wconf 89' lang='lat' dir='ltr'>Modo</span> <span class='ocrx_word' id='word_1_6' title='bbox 605 481 677 546; x_wconf 83' lang='lat' dir='ltr'>1&#39;1t</span> <span class='ocrx_word' id='word_1_7' title='bbox 712 490 921 546; x_wconf 84' lang='lat' dir='ltr'>tacere</span> <span class='ocrx_word' id='word_1_8' title='bbox 955 479 1178 565; x_wconf 80' lang='lat' dir='ltr'>pessis.</span> <span class='ocrx_word' id='word_1_9' title='bbox 1265 479 1395 544; x_wconf 73' lang='lat' dir='ltr'>DA.</span> <span class='ocrx_word' id='word_1_10' title='bbox 1430 478 1568 542; x_wconf 90' lang='lat' dir='ltr'>Abi</span> <span class='ocrx_word' id='word_1_11' title='bbox 1600 477 1704 554; x_wconf 89' lang='lat' dir='ltr'>sis,</span> <span class='ocrx_word' id='word_1_12' title='bbox 1736 478 2038 546; x_wconf 75' lang='lat' dir='ltr'>insciens:</span> 
     </span>
     <span class='ocr_line' id='line_1_3' title="bbox 111 572 2235 660; baseline -0 -26"><span class='ocrx_word' id='word_1_13' title='bbox 111 596 165 635; x_wconf 81' lang='grc' dir='ltr'>ιο</span> <span class='ocrx_word' id='word_1_14' title='bbox 373 574 622 657; x_wconf 80' lang='lat' dir='ltr'><strong>Quoius</strong></span> <span class='ocrx_word' id='word_1_15' title='bbox 658 575 730 638; x_wconf 79' lang='lat' dir='ltr'>tu</span> <span class='ocrx_word' id='word_1_16' title='bbox 761 575 954 639; x_wconf 88' lang='lat' dir='ltr'>fidem</span> <span class='ocrx_word' id='word_1_17' title='bbox 987 574 1054 638; x_wconf 92' lang='lat' dir='ltr'>in</span> <span class='ocrx_word' id='word_1_18' title='bbox 1089 573 1360 660; x_wconf 80' lang='lat' dir='ltr'>pecunia</span> <span class='ocrx_word' id='word_1_19' title='bbox 1393 572 1809 659; x_wconf 87' lang='lat' dir='ltr'>perspexeris,</span> <span class='ocrx_word' id='word_1_20' title='bbox 2166 577 2235 633; x_wconf 88' lang='grc'>60</span> 
     </span>
     <span class='ocr_line' id='line_1_4' title="bbox 367 666 2049 752; baseline -0.002 -16"><span class='ocrx_word' id='word_1_21' title='bbox 367 670 607 736; x_wconf 88' lang='lat' dir='ltr'>Verere</span> <span class='ocrx_word' id='word_1_22' title='bbox 640 669 840 734; x_wconf 87' lang='lat' dir='ltr'>uerba</span> <span class='ocrx_word' id='word_1_23' title='bbox 875 668 935 733; x_wconf 91' lang='lat' dir='ltr'>ei</span> <span class='ocrx_word' id='word_1_24' title='bbox 968 667 1260 734; x_wconf 86' lang='lat' dir='ltr'>credere?</span> <span class='ocrx_word' id='word_1_25' title='bbox 1310 667 1423 732; x_wconf 89' lang='lat' dir='ltr'>ubi</span> <span class='ocrx_word' id='word_1_26' title='bbox 1457 667 1612 752; x_wconf 89' lang='lat' dir='ltr'>quid</span> <span class='ocrx_word' id='word_1_27' title='bbox 1644 666 1800 732; x_wconf 83' lang='lat' dir='ltr'>mihi</span> <span class='ocrx_word' id='word_1_28' title='bbox 1832 667 2049 734; x_wconf 87' lang='lat' dir='ltr'>lucrist</span> 
     </span>
     <span class='ocr_line' id='line_1_5' title="bbox 368 760 2133 850; baseline 0.001 -22"><span class='ocrx_word' id='word_1_29' title='bbox 368 763 466 830; x_wconf 87' lang='lat' dir='ltr'>Te</span> <span class='ocrx_word' id='word_1_30' title='bbox 499 762 757 829; x_wconf 79' lang='lat' dir='ltr'>fellere?</span> <span class='ocrx_word' id='word_1_31' title='bbox 803 761 926 829; x_wconf 78' lang='lat' dir='ltr'>Gn.</span> <span class='ocrx_word' id='word_1_32' title='bbox 955 761 1132 848; x_wconf 86' lang='lat' dir='ltr'>Ergo</span> <span class='ocrx_word' id='word_1_33' title='bbox 1157 761 1463 828; x_wconf 80' lang='lat' dir='ltr'>ausculta.</span> <span class='ocrx_word' id='word_1_34' title='bbox 1505 760 1635 827; x_wconf 71' lang='lat' dir='ltr'>DA.</span> <span class='ocrx_word' id='word_1_35' title='bbox 1662 762 1854 828; x_wconf 89' lang='lat' dir='ltr'>Hanc</span> <span class='ocrx_word' id='word_1_36' title='bbox 1877 783 2133 850; x_wconf 80' lang='lat' dir='ltr'>operam</span> 
     </span>
     <span class='ocr_line' id='line_1_6' title="bbox 1046 855 1359 922; baseline 0 -2"><span class='ocrx_word' id='word_1_37' title='bbox 1046 855 1162 920; x_wconf 89' lang='lat' dir='ltr'>tibi</span> <span class='ocrx_word' id='word_1_38' title='bbox 1198 855 1359 922; x_wconf 91' lang='lat' dir='ltr'>dico.</span> 
     </span>
    </p>

    <p class='ocr_par' dir='ltr' id='par_1_3' title="bbox 196 947 2065 1028">
     <span class='ocr_line' id='line_1_7' title="bbox 196 947 2065 1028; baseline -0.002 -11"><span class='ocrx_word' id='word_1_39' title='bbox 196 949 326 1017; x_wconf 73' lang='lat' dir='ltr'>Gn.</span> <span class='ocrx_word' id='word_1_40' title='bbox 374 949 560 1016; x_wconf 87' lang='lat' dir='ltr'>Senis</span> <span class='ocrx_word' id='word_1_41' title='bbox 595 950 810 1027; x_wconf 79' lang='lat' dir='ltr'>nestri,</span> <span class='ocrx_word' id='word_1_42' title='bbox 846 950 1056 1028; x_wconf 91' lang='lat' dir='ltr'>Daue,</span> <span class='ocrx_word' id='word_1_43' title='bbox 1093 949 1355 1016; x_wconf 72' lang='lat' dir='ltr'>fratrem</span> <span class='ocrx_word' id='word_1_44' title='bbox 1386 949 1689 1014; x_wconf 87' lang='lat' dir='ltr'>maiorem</span> <span class='ocrx_word' id='word_1_45' title='bbox 1726 947 2065 1014; x_wconf 83' lang='lat' dir='ltr'>Chremem</span> 
     </span>
    </p>

    <p class='ocr_par' dir='ltr' id='par_1_4' title="bbox 112 1041 2236 1974">
     <span class='ocr_line' id='line_1_8' title="bbox 367 1041 2132 1128; baseline -0.002 -20"><span class='ocrx_word' id='word_1_46' title='bbox 367 1043 632 1108; x_wconf 80' lang='lat' dir='ltr'><strong>Nostin?</strong></span> <span class='ocrx_word' id='word_1_47' title='bbox 700 1042 830 1108; x_wconf 73' lang='lat' dir='ltr'>DA.</span> <span class='ocrx_word' id='word_1_48' title='bbox 869 1042 1046 1125; x_wconf 82' lang='lat' dir='ltr'><strong>Quid</strong></span> <span class='ocrx_word' id='word_1_49' title='bbox 1087 1043 1192 1108; x_wconf 87' lang='lat' dir='ltr'>ni?</span> <span class='ocrx_word' id='word_1_50' title='bbox 1261 1041 1387 1109; x_wconf 72' lang='lat' dir='ltr'>Gn.</span> <span class='ocrx_word' id='word_1_51' title='bbox 1425 1041 1640 1124; x_wconf 79' lang='lat' dir='ltr'>Quid?</span> <span class='ocrx_word' id='word_1_52' title='bbox 1692 1042 1826 1108; x_wconf 88' lang='lat' dir='ltr'>eius</span> <span class='ocrx_word' id='word_1_53' title='bbox 1868 1052 2132 1128; x_wconf 81' lang='lat' dir='ltr'>gnatum</span> 
     </span>
     <span class='ocr_line' id='line_1_9' title="bbox 1042 1136 1465 1202; baseline -0.002 -1"><span class='ocrx_word' id='word_1_54' title='bbox 1042 1136 1465 1202; x_wconf 73' lang='lat' dir='ltr'>Phaedriam?</span> 
     </span>
     <span class='ocr_line' id='line_1_10' title="bbox 115 1228 2235 1313; baseline 0 -24"><span class='ocrx_word' id='word_1_55' title='bbox 115 1248 168 1289; x_wconf 70' lang='grc' dir='ltr'>ιε</span> <span class='ocrx_word' id='word_1_56' title='bbox 193 1229 326 1294; x_wconf 81' lang='lat' dir='ltr'>DA.</span> <span class='ocrx_word' id='word_1_57' title='bbox 363 1230 527 1295; x_wconf 86' lang='lat' dir='ltr'>Tam</span> <span class='ocrx_word' id='word_1_58' title='bbox 590 1232 782 1313; x_wconf 70' lang='lat' dir='ltr'>quem</span> <span class='ocrx_word' id='word_1_59' title='bbox 844 1240 924 1295; x_wconf 89' lang='lat' dir='ltr'>te.</span> <span class='ocrx_word' id='word_1_60' title='bbox 1031 1228 1154 1296; x_wconf 79' lang='lat' dir='ltr'>Gn.</span> <span class='ocrx_word' id='word_1_61' title='bbox 1205 1229 1447 1296; x_wconf 85' lang='lat' dir='ltr'>Euenit</span> <span class='ocrx_word' id='word_1_62' title='bbox 1506 1230 1764 1296; x_wconf 88' lang='lat' dir='ltr'>senibus</span> <span class='ocrx_word' id='word_1_63' title='bbox 1825 1228 2131 1294; x_wconf 76' lang='lat' dir='ltr'>ambobus</span> <span class='ocrx_word' id='word_1_64' title='bbox 2164 1235 2235 1288; x_wconf 84' lang='grc'>65</span> 
     </span>
     <span class='ocr_line' id='line_1_11' title="bbox 1049 1324 1238 1388; baseline 0 0"><span class='ocrx_word' id='word_1_65' title='bbox 1049 1324 1238 1388; x_wconf 90' lang='lat' dir='ltr'>simul</span> 
     </span>
     <span class='ocr_line' id='line_1_12' title="bbox 370 1414 2082 1496; baseline -0.001 -14"><span class='ocrx_word' id='word_1_66' title='bbox 370 1417 506 1482; x_wconf 87' lang='lat' dir='ltr'>Iter</span> <span class='ocrx_word' id='word_1_67' title='bbox 537 1417 630 1482; x_wconf 88' lang='lat' dir='ltr'>ssli</span> <span class='ocrx_word' id='word_1_68' title='bbox 663 1417 731 1480; x_wconf 92' lang='lat' dir='ltr'>in</span> <span class='ocrx_word' id='word_1_69' title='bbox 765 1415 1084 1482; x_wconf 86' lang='lat' dir='ltr'>Lemnum</span> <span class='ocrx_word' id='word_1_70' title='bbox 1118 1427 1190 1482; x_wconf 87' lang='lat' dir='ltr'>ut</span> <span class='ocrx_word' id='word_1_71' title='bbox 1224 1418 1411 1496; x_wconf 87' lang='lat' dir='ltr'>esset,</span> <span class='ocrx_word' id='word_1_72' title='bbox 1445 1427 1657 1484; x_wconf 89' lang='lat' dir='ltr'>nostro</span> <span class='ocrx_word' id='word_1_73' title='bbox 1690 1417 1757 1481; x_wconf 89' lang='lat' dir='ltr'>in</span> <span class='ocrx_word' id='word_1_74' title='bbox 1792 1414 2082 1482; x_wconf 81' lang='lat' dir='ltr'>Ciliciam</span> 
     </span>
     <span class='ocr_line' id='line_1_13' title="bbox 367 1509 2063 1596; baseline 0 -22"><span class='ocrx_word' id='word_1_75' title='bbox 367 1511 479 1575; x_wconf 88' lang='lat' dir='ltr'>Ad</span> <span class='ocrx_word' id='word_1_76' title='bbox 513 1509 826 1595; x_wconf 79' lang='lat' dir='ltr'>hespitem</span> <span class='ocrx_word' id='word_1_77' title='bbox 861 1511 1204 1595; x_wconf 85' lang='lat' dir='ltr'>antiquom.</span> <span class='ocrx_word' id='word_1_78' title='bbox 1272 1513 1330 1578; x_wconf 88' lang='lat' dir='ltr'>is</span> <span class='ocrx_word' id='word_1_79' title='bbox 1363 1534 1581 1578; x_wconf 89' lang='lat' dir='ltr'>senem</span> <span class='ocrx_word' id='word_1_80' title='bbox 1615 1532 1728 1596; x_wconf 90' lang='lat' dir='ltr'>per</span> <span class='ocrx_word' id='word_1_81' title='bbox 1763 1511 2063 1596; x_wconf 88' lang='lat' dir='ltr'>epistulas</span> 
     </span>
     <span class='ocr_line' id='line_1_14' title="bbox 367 1603 1835 1691; baseline 0 -23"><span class='ocrx_word' id='word_1_82' title='bbox 367 1603 658 1681; x_wconf 85' lang='lat' dir='ltr'>Pellexit,</span> <span class='ocrx_word' id='word_1_83' title='bbox 694 1603 883 1668; x_wconf 89' lang='lat' dir='ltr'>modo</span> <span class='ocrx_word' id='word_1_84' title='bbox 917 1627 1045 1669; x_wconf 93' lang='lat' dir='ltr'>non</span> <span class='ocrx_word' id='word_1_85' title='bbox 1077 1605 1306 1670; x_wconf 81' lang='lat' dir='ltr'>mentis</span> <span class='ocrx_word' id='word_1_86' title='bbox 1343 1607 1481 1670; x_wconf 89' lang='lat' dir='ltr'>auri</span> <span class='ocrx_word' id='word_1_87' title='bbox 1499 1606 1835 1691; x_wconf 80' lang='lat' dir='ltr'>pellicens.</span> 
     </span>
     <span class='ocr_line' id='line_1_15' title="bbox 195 1696 2079 1784; baseline 0.001 -23"><span class='ocrx_word' id='word_1_88' title='bbox 195 1698 327 1762; x_wconf 75' lang='lat' dir='ltr'>DA.</span> <span class='ocrx_word' id='word_1_89' title='bbox 368 1696 539 1777; x_wconf 79' lang='lat' dir='ltr'>Quoi</span> <span class='ocrx_word' id='word_1_90' title='bbox 573 1701 750 1762; x_wconf 68' lang='lat' dir='ltr'>tenta</span> <span class='ocrx_word' id='word_1_91' title='bbox 784 1711 917 1763; x_wconf 87' lang='lat' dir='ltr'>erat</span> <span class='ocrx_word' id='word_1_92' title='bbox 951 1720 1052 1764; x_wconf 89' lang='lat' dir='ltr'>res</span> <span class='ocrx_word' id='word_1_93' title='bbox 1087 1699 1150 1763; x_wconf 86' lang='lat' dir='ltr'>et</span> <span class='ocrx_word' id='word_1_94' title='bbox 1185 1701 1545 1784; x_wconf 82' lang='lat' dir='ltr'>supererat?</span> <span class='ocrx_word' id='word_1_95' title='bbox 1614 1697 1739 1765; x_wconf 77' lang='lat' dir='ltr'>Gn.</span> <span class='ocrx_word' id='word_1_96' title='bbox 1774 1697 2079 1764; x_wconf 80' lang='lat' dir='ltr'>Desinas=</span> 
     </span>
     <span class='ocr_line' id='line_1_16' title="bbox 112 1790 2236 1880; baseline -0.003 -23"><span class='ocrx_word' id='word_1_97' title='bbox 112 1810 169 1849; x_wconf 81' lang='lat'>20</span> <span class='ocrx_word' id='word_1_98' title='bbox 371 1790 481 1857; x_wconf 91' lang='lat' dir='ltr'>Sic</span> <span class='ocrx_word' id='word_1_99' title='bbox 541 1794 636 1856; x_wconf 87' lang='lat' dir='ltr'>est</span> <span class='ocrx_word' id='word_1_100' title='bbox 693 1793 1039 1878; x_wconf 87' lang='lat' dir='ltr'>ingenium.</span> <span class='ocrx_word' id='word_1_101' title='bbox 1150 1791 1280 1858; x_wconf 73' lang='lat' dir='ltr'>DA.</span> <span class='ocrx_word' id='word_1_102' title='bbox 1343 1790 1485 1872; x_wconf 90' lang='lat' dir='ltr'>Oh,</span> <span class='ocrx_word' id='word_1_103' title='bbox 1552 1795 1769 1880; x_wconf 87' lang='lat' dir='ltr'>regem</span> <span class='ocrx_word' id='word_1_104' title='bbox 1828 1816 1933 1860; x_wconf 91' lang='lat' dir='ltr'>me</span> <span class='ocrx_word' id='word_1_105' title='bbox 1994 1814 2131 1860; x_wconf 87' lang='lat' dir='ltr'>esse</span> <span class='ocrx_word' id='word_1_106' title='bbox 2166 1797 2236 1852; x_wconf 77' lang='lat'>70</span> 
     </span>
     <span class='ocr_line' id='line_1_17' title="bbox 1044 1888 1336 1974; baseline 0 -22"><span class='ocrx_word' id='word_1_107' title='bbox 1044 1888 1336 1974; x_wconf 80' lang='lat' dir='ltr'>opertuit.</span> 
     </span>
    </p>

    <p class='ocr_par' dir='ltr' id='par_1_5' title="bbox 197 1979 2217 2050">
     <span class='ocr_line' id='line_1_18' title="bbox 197 1979 2217 2050; baseline -0 -2"><span class='ocrx_word' id='word_1_108' title='bbox 197 1979 347 2048; x_wconf 52' lang='lat' dir='ltr'>Gn:</span> <span class='ocrx_word' id='word_1_109' title='bbox 370 1980 704 2048; x_wconf 74' lang='lat' dir='ltr'>Abeuntes</span> <span class='ocrx_word' id='word_1_110' title='bbox 742 1981 930 2047; x_wconf 89' lang='lat' dir='ltr'>ambo</span> <span class='ocrx_word' id='word_1_111' title='bbox 964 1981 1068 2047; x_wconf 91' lang='lat' dir='ltr'>hic</span> <span class='ocrx_word' id='word_1_112' title='bbox 1101 1983 1239 2047; x_wconf 77' lang='lat' dir='ltr'>tum</span> <span class='ocrx_word' id='word_1_113' title='bbox 1273 2005 1457 2050; x_wconf 88' lang='lat' dir='ltr'>senes</span> <span class='ocrx_word' id='word_1_114' title='bbox 1489 2005 1594 2048; x_wconf 89' lang='lat' dir='ltr'>me</span> <span class='ocrx_word' id='word_1_115' title='bbox 1628 1983 1778 2050; x_wconf 89' lang='lat' dir='ltr'>ffliis</span> <span class='ocrx_word' id='word_1_116' title='bbox 2211 2013 2217 2018; x_wconf 94' lang='lat'><em>·</em></span> 
     </span>
    </p>

    <p class='ocr_par' dir='ltr' id='par_1_6' title="bbox 111 2073 2234 2632">
     <span class='ocr_line' id='line_1_19' title="bbox 371 2073 2134 2162; baseline -0.001 -20"><span class='ocrx_word' id='word_1_117' title='bbox 371 2076 753 2161; x_wconf 87' lang='lat' dir='ltr'>Relinquont</span> <span class='ocrx_word' id='word_1_118' title='bbox 788 2073 970 2161; x_wconf 83' lang='lat' dir='ltr'>quasi</span> <span class='ocrx_word' id='word_1_119' title='bbox 1013 2079 1405 2162; x_wconf 84' lang='lat' dir='ltr'>magistrum.</span> <span class='ocrx_word' id='word_1_120' title='bbox 1488 2077 1619 2142; x_wconf 73' lang='lat' dir='ltr'>DA.</span> <span class='ocrx_word' id='word_1_121' title='bbox 1656 2074 1719 2143; x_wconf 94' lang='grc' dir='ltr'><strong>Ο</strong></span> <span class='ocrx_word' id='word_1_122' title='bbox 1760 2075 1945 2154; x_wconf 84' lang='lat' dir='ltr'>Geta,</span> <span class='ocrx_word' id='word_1_123' title='bbox 1988 2096 2134 2161; x_wconf 90' lang='lat' dir='ltr'>pro-</span> 
     </span>
     <span class='ocr_line' id='line_1_20' title="bbox 1040 2171 1316 2236; baseline 0.004 -1"><span class='ocrx_word' id='word_1_124' title='bbox 1040 2171 1316 2236; x_wconf 87' lang='lat' dir='ltr'>uinciam</span> 
     </span>
     <span class='ocr_line' id='line_1_21' title="bbox 371 2262 2004 2352; baseline -0.001 -22"><span class='ocrx_word' id='word_1_125' title='bbox 371 2262 613 2350; x_wconf 78' lang='lat' dir='ltr'>Cepisti</span> <span class='ocrx_word' id='word_1_126' title='bbox 647 2263 889 2352; x_wconf 82' lang='lat' dir='ltr'>duram.</span> <span class='ocrx_word' id='word_1_127' title='bbox 978 2262 1101 2331; x_wconf 78' lang='lat' dir='ltr'>Gn.</span> <span class='ocrx_word' id='word_1_128' title='bbox 1137 2264 1238 2331; x_wconf 93' lang='lat' dir='ltr'>Mi</span> <span class='ocrx_word' id='word_1_129' title='bbox 1271 2267 1426 2331; x_wconf 76' lang='lat' dir='ltr'>usus</span> <span class='ocrx_word' id='word_1_130' title='bbox 1463 2265 1657 2343; x_wconf 89' lang='lat' dir='ltr'>uenit,</span> <span class='ocrx_word' id='word_1_131' title='bbox 1694 2265 1812 2331; x_wconf 84' lang='lat' dir='ltr'>hec</span> <span class='ocrx_word' id='word_1_132' title='bbox 1845 2264 2004 2331; x_wconf 85' lang='lat' dir='ltr'>scio:</span> 
     </span>
     <span class='ocr_line' id='line_1_22' title="bbox 366 2358 1813 2443; baseline -0.001 -20"><span class='ocrx_word' id='word_1_133' title='bbox 366 2358 638 2425; x_wconf 89' lang='lat' dir='ltr'>Memini</span> <span class='ocrx_word' id='word_1_134' title='bbox 670 2358 942 2443; x_wconf 87' lang='lat' dir='ltr'>relinqui</span> <span class='ocrx_word' id='word_1_135' title='bbox 975 2360 1078 2424; x_wconf 89' lang='lat' dir='ltr'>me</span> <span class='ocrx_word' id='word_1_136' title='bbox 1115 2358 1236 2424; x_wconf 92' lang='lat' dir='ltr'>deo</span> <span class='ocrx_word' id='word_1_137' title='bbox 1269 2360 1429 2425; x_wconf 81' lang='lat' dir='ltr'>irate</span> <span class='ocrx_word' id='word_1_138' title='bbox 1459 2381 1623 2425; x_wconf 83' lang='lat' dir='ltr'>mec.</span> <span class='ocrx_word' id='word_1_139' title='bbox 1808 2382 1813 2386; x_wconf 92' lang='lat'>·</span> 
     </span>
     <span class='ocr_line' id='line_1_23' title="bbox 111 2450 2234 2539; baseline 0.004 -28"><span class='ocrx_word' id='word_1_140' title='bbox 111 2470 172 2511; x_wconf 77' lang='lat'>25</span> <span class='ocrx_word' id='word_1_141' title='bbox 371 2450 572 2538; x_wconf 89' lang='lat' dir='ltr'>Coepi</span> <span class='ocrx_word' id='word_1_142' title='bbox 606 2451 932 2517; x_wconf 74' lang='lat' dir='ltr'>eduorsari</span> <span class='ocrx_word' id='word_1_143' title='bbox 965 2454 1198 2539; x_wconf 83' lang='lat' dir='ltr'>primo:</span> <span class='ocrx_word' id='word_1_144' title='bbox 1236 2453 1393 2538; x_wconf 91' lang='lat' dir='ltr'>quid</span> <span class='ocrx_word' id='word_1_145' title='bbox 1425 2454 1637 2518; x_wconf 86' lang='lat' dir='ltr'>uerbis</span> <span class='ocrx_word' id='word_1_146' title='bbox 1670 2454 1893 2538; x_wconf 81' lang='lat' dir='ltr'>opust?</span> <span class='ocrx_word' id='word_1_147' title='bbox 2165 2464 2234 2519; x_wconf 78' lang='lat'>75</span> 
     </span>
     <span class='ocr_line' id='line_1_24' title="bbox 373 2544 1773 2632; baseline 0 -22"><span class='ocrx_word' id='word_1_148' title='bbox 373 2544 531 2610; x_wconf 82' lang='lat' dir='ltr'>Seni</span> <span class='ocrx_word' id='word_1_149' title='bbox 561 2544 765 2610; x_wconf 89' lang='lat' dir='ltr'>fidelis</span> <span class='ocrx_word' id='word_1_150' title='bbox 801 2546 952 2611; x_wconf 73' lang='lat' dir='ltr'>dum</span> <span class='ocrx_word' id='word_1_151' title='bbox 987 2570 1149 2623; x_wconf 91' lang='lat' dir='ltr'>sum,</span> <span class='ocrx_word' id='word_1_152' title='bbox 1185 2546 1477 2632; x_wconf 83' lang='lat' dir='ltr'>scapulas</span> <span class='ocrx_word' id='word_1_153' title='bbox 1512 2545 1773 2631; x_wconf 88' lang='lat' dir='ltr'>perdidi.</span> 
     </span>
    </p>

    <p class='ocr_par' dir='ltr' id='par_1_7' title="bbox 194 2638 2131 2911">
     <span class='ocr_line' id='line_1_25' title="bbox 194 2638 2069 2723; baseline -0.002 -18"><span class='ocrx_word' id='word_1_154' title='bbox 194 2639 327 2705; x_wconf 75' lang='lat' dir='ltr'>DA.</span> <span class='ocrx_word' id='word_1_155' title='bbox 365 2639 615 2705; x_wconf 81' lang='lat' dir='ltr'>Venere</span> <span class='ocrx_word' id='word_1_156' title='bbox 649 2639 716 2702; x_wconf 92' lang='lat' dir='ltr'>in</span> <span class='ocrx_word' id='word_1_157' title='bbox 750 2650 1027 2705; x_wconf 86' lang='lat' dir='ltr'>mentem</span> <span class='ocrx_word' id='word_1_158' title='bbox 1059 2640 1148 2703; x_wconf 91' lang='lat' dir='ltr'>mi</span> <span class='ocrx_word' id='word_1_159' title='bbox 1178 2641 1405 2706; x_wconf 84' lang='lat' dir='ltr'>istaec:</span> <span class='ocrx_word' id='word_1_160' title='bbox 1440 2660 1715 2723; x_wconf 90' lang='lat' dir='ltr'>namque</span> <span class='ocrx_word' id='word_1_161' title='bbox 1746 2638 2069 2716; x_wconf 85' lang='lat' dir='ltr'>inscitiast,</span> 
     </span>
     <span class='ocr_line' id='line_1_26' title="bbox 369 2729 2131 2816; baseline 0 -19"><span class='ocrx_word' id='word_1_162' title='bbox 369 2732 736 2797; x_wconf 75' lang='lat' dir='ltr'>Aduersum</span> <span class='ocrx_word' id='word_1_163' title='bbox 771 2733 1095 2799; x_wconf 86' lang='lat' dir='ltr'>stimulum</span> <span class='ocrx_word' id='word_1_164' title='bbox 1129 2733 1354 2799; x_wconf 66' lang='lat' dir='ltr'>calces.</span> <span class='ocrx_word' id='word_1_165' title='bbox 1410 2729 1533 2798; x_wconf 78' lang='lat' dir='ltr'>Gn.</span> <span class='ocrx_word' id='word_1_166' title='bbox 1563 2730 1765 2816; x_wconf 91' lang='lat' dir='ltr'>Coepi</span> <span class='ocrx_word' id='word_1_167' title='bbox 1800 2732 1889 2798; x_wconf 91' lang='lat' dir='ltr'>eis</span> <span class='ocrx_word' id='word_1_168' title='bbox 1922 2732 2131 2797; x_wconf 79' lang='lat' dir='ltr'>emnia</span> 
     </span>
     <span class='ocr_line' id='line_1_27' title="bbox 367 2824 2131 2911; baseline -0.001 -20"><span class='ocrx_word' id='word_1_169' title='bbox 367 2826 608 2892; x_wconf 87' lang='lat' dir='ltr'>Facere</span> <span class='ocrx_word' id='word_1_170' title='bbox 621 2873 639 2904; x_wconf 92' lang='lat'><strong>,</strong></span> <span class='ocrx_word' id='word_1_171' title='bbox 700 2826 964 2911; x_wconf 78' lang='lat' dir='ltr'>ebsequi</span> <span class='ocrx_word' id='word_1_172' title='bbox 1022 2848 1186 2910; x_wconf 88' lang='lat' dir='ltr'>quae</span> <span class='ocrx_word' id='word_1_173' title='bbox 1245 2827 1505 2893; x_wconf 87' lang='lat' dir='ltr'>uellent.</span> <span class='ocrx_word' id='word_1_174' title='bbox 1603 2825 1732 2890; x_wconf 62' lang='lat' dir='ltr'>DA.</span> <span class='ocrx_word' id='word_1_175' title='bbox 1787 2824 1977 2891; x_wconf 82' lang='lat' dir='ltr'>Scisti</span> <span class='ocrx_word' id='word_1_176' title='bbox 2036 2828 2131 2890; x_wconf 87' lang='lat' dir='ltr'>uti</span> 
     </span>
    </p>

    <p class='ocr_par' dir='ltr' id='par_1_8' title="bbox 233 2921 1197 2985">
     <span class='ocr_line' id='line_1_28' title="bbox 233 2921 1197 2985; baseline -0.002 0"><span class='ocrx_word' id='word_1_177' title='bbox 233 2980 238 2985; x_wconf 87' lang='lat'>.</span> <span class='ocrx_word' id='word_1_178' title='bbox 1038 2921 1197 2983; x_wconf 81' lang='lat' dir='ltr'>som.</span> 
     </span>
    </p>

    <p class='ocr_par' dir='ltr' id='par_1_9' title="bbox 117 3012 2232 3475">
     <span class='ocr_line' id='line_1_29' title="bbox 117 3012 2232 3099; baseline 0.003 -24"><span class='ocrx_word' id='word_1_179' title='bbox 117 3034 168 3075; x_wconf 75' lang='lat' dir='ltr'>so</span> <span class='ocrx_word' id='word_1_180' title='bbox 194 3013 324 3081; x_wconf 78' lang='lat' dir='ltr'>Gn.</span> <span class='ocrx_word' id='word_1_181' title='bbox 360 3013 595 3079; x_wconf 86' lang='lat' dir='ltr'>Noster</span> <span class='ocrx_word' id='word_1_182' title='bbox 629 3013 778 3079; x_wconf 86' lang='lat' dir='ltr'>mali</span> <span class='ocrx_word' id='word_1_183' title='bbox 812 3013 902 3079; x_wconf 90' lang='lat' dir='ltr'>nil</span> <span class='ocrx_word' id='word_1_184' title='bbox 935 3016 1276 3097; x_wconf 84' lang='lat' dir='ltr'>quicquam</span> <span class='ocrx_word' id='word_1_185' title='bbox 1307 3014 1511 3099; x_wconf 89' lang='lat' dir='ltr'>primo</span> <span class='ocrx_word' id='word_1_186' title='bbox 1520 3038 1539 3091; x_wconf 92' lang='lat'>;</span> <span class='ocrx_word' id='word_1_187' title='bbox 1574 3012 1680 3079; x_wconf 92' lang='lat' dir='ltr'>hic</span> <span class='ocrx_word' id='word_1_188' title='bbox 1710 3012 2029 3079; x_wconf 78' lang='lat' dir='ltr'>Phaedria</span> <span class='ocrx_word' id='word_1_189' title='bbox 2160 3026 2232 3081; x_wconf 84' lang='lat'>80</span> 
     </span>
     <span class='ocr_line' id='line_1_30' title="bbox 371 3106 1809 3193; baseline -0.001 -20"><span class='ocrx_word' id='word_1_190' title='bbox 371 3106 691 3173; x_wconf 84' lang='lat' dir='ltr'>Continuo</span> <span class='ocrx_word' id='word_1_191' title='bbox 725 3107 1044 3191; x_wconf 83' lang='lat' dir='ltr'>quandam</span> <span class='ocrx_word' id='word_1_192' title='bbox 1077 3109 1300 3173; x_wconf 71' lang='lat' dir='ltr'>nactus</span> <span class='ocrx_word' id='word_1_193' title='bbox 1334 3118 1430 3174; x_wconf 89' lang='lat' dir='ltr'>est</span> <span class='ocrx_word' id='word_1_194' title='bbox 1463 3106 1809 3193; x_wconf 89' lang='lat' dir='ltr'>puellulam</span> 
     </span>
     <span class='ocr_line' id='line_1_31' title="bbox 369 3199 1834 3288; baseline 0.001 -21"><span class='ocrx_word' id='word_1_195' title='bbox 369 3199 849 3278; x_wconf 83' lang='lat' dir='ltr'>Citharistriam,</span> <span class='ocrx_word' id='word_1_196' title='bbox 884 3200 1050 3267; x_wconf 83' lang='lat' dir='ltr'>hanc</span> <span class='ocrx_word' id='word_1_197' title='bbox 1084 3204 1298 3267; x_wconf 72' lang='lat' dir='ltr'>amare</span> <span class='ocrx_word' id='word_1_198' title='bbox 1331 3202 1539 3288; x_wconf 87' lang='lat' dir='ltr'>coepit</span> <span class='ocrx_word' id='word_1_199' title='bbox 1572 3202 1834 3288; x_wconf 87' lang='lat' dir='ltr'>perdite.</span> 
     </span>
     <span class='ocr_line' id='line_1_32' title="bbox 365 3294 1536 3383; baseline 0.002 -24"><span class='ocrx_word' id='word_1_200' title='bbox 365 3294 468 3359; x_wconf 86' lang='lat' dir='ltr'>Ea</span> <span class='ocrx_word' id='word_1_201' title='bbox 500 3294 816 3361; x_wconf 86' lang='lat' dir='ltr'>seruiebat</span> <span class='ocrx_word' id='word_1_202' title='bbox 848 3296 1059 3361; x_wconf 83' lang='lat' dir='ltr'>lenoni</span> <span class='ocrx_word' id='word_1_203' title='bbox 1089 3297 1536 3383; x_wconf 88' lang='lat' dir='ltr'>inpurissumo‚</span> 
     </span>
     <span class='ocr_line' id='line_1_33' title="bbox 364 3388 2125 3475; baseline 0 -20"><span class='ocrx_word' id='word_1_204' title='bbox 364 3389 590 3472; x_wconf 88' lang='lat' dir='ltr'>Neque</span> <span class='ocrx_word' id='word_1_205' title='bbox 620 3388 793 3473; x_wconf 83' lang='lat' dir='ltr'>qued</span> <span class='ocrx_word' id='word_1_206' title='bbox 821 3388 1075 3455; x_wconf 85' lang='lat' dir='ltr'>daretur</span> <span class='ocrx_word' id='word_1_207' title='bbox 1091 3393 1459 3475; x_wconf 84' lang='lat' dir='ltr'>quicquam3</span> <span class='ocrx_word' id='word_1_208' title='bbox 1485 3390 1553 3455; x_wconf 88' lang='lat' dir='ltr'>id</span> <span class='ocrx_word' id='word_1_209' title='bbox 1578 3391 1871 3455; x_wconf 69' lang='lat' dir='ltr'>curarent</span> <span class='ocrx_word' id='word_1_210' title='bbox 1892 3399 2125 3475; x_wconf 86' lang='lat' dir='ltr'>patres·</span> 
     </span>
    </p>

    <p class='ocr_par' dir='ltr' id='par_1_10' title="bbox 115 3482 2229 3943">
     <span class='ocr_line' id='line_1_34' title="bbox 115 3482 2229 3569; baseline 0.003 -26"><span class='ocrx_word' id='word_1_211' title='bbox 115 3503 166 3544; x_wconf 73' lang='lat'>3⁵</span> <span class='ocrx_word' id='word_1_212' title='bbox 363 3483 670 3548; x_wconf 71' lang='lat' dir='ltr'>Restabat</span> <span class='ocrx_word' id='word_1_213' title='bbox 704 3482 879 3548; x_wconf 87' lang='lat' dir='ltr'>aliud</span> <span class='ocrx_word' id='word_1_214' title='bbox 912 3485 999 3548; x_wconf 92' lang='lat' dir='ltr'>nil</span> <span class='ocrx_word' id='word_1_215' title='bbox 1032 3484 1154 3551; x_wconf 87' lang='lat' dir='ltr'>nisi</span> <span class='ocrx_word' id='word_1_216' title='bbox 1189 3485 1409 3550; x_wconf 88' lang='lat' dir='ltr'>oculos</span> <span class='ocrx_word' id='word_1_217' title='bbox 1441 3486 1720 3569; x_wconf 74' lang='lat' dir='ltr'>pascere,</span> <span class='ocrx_word' id='word_1_218' title='bbox 2158 3506 2229 3561; x_wconf 79' lang='lat'>85</span> 
     </span>
     <span class='ocr_line' id='line_1_35' title="bbox 371 3576 1745 3655; baseline 0 -14"><span class='ocrx_word' id='word_1_219' title='bbox 371 3576 637 3655; x_wconf 72' lang='lat' dir='ltr'>Secteri‚</span> <span class='ocrx_word' id='word_1_220' title='bbox 668 3577 739 3641; x_wconf 90' lang='lat' dir='ltr'>in</span> <span class='ocrx_word' id='word_1_221' title='bbox 768 3576 992 3643; x_wconf 90' lang='lat' dir='ltr'>ludum</span> <span class='ocrx_word' id='word_1_222' title='bbox 1026 3578 1256 3645; x_wconf 75' lang='lat' dir='ltr'>ducere</span> <span class='ocrx_word' id='word_1_223' title='bbox 1287 3588 1352 3645; x_wconf 87' lang='lat' dir='ltr'>et</span> <span class='ocrx_word' id='word_1_224' title='bbox 1384 3577 1745 3644; x_wconf 76' lang='lat' dir='ltr'>redducere.</span> 
     </span>
     <span class='ocr_line' id='line_1_36' title="bbox 365 3670 1763 3756; baseline -0.001 -21"><span class='ocrx_word' id='word_1_225' title='bbox 365 3671 502 3736; x_wconf 89' lang='lat' dir='ltr'>Nos</span> <span class='ocrx_word' id='word_1_226' title='bbox 535 3671 718 3736; x_wconf 81' lang='lat' dir='ltr'>etiosi</span> <span class='ocrx_word' id='word_1_227' title='bbox 752 3674 1012 3756; x_wconf 57' lang='lat' dir='ltr'>operam</span> <span class='ocrx_word' id='word_1_228' title='bbox 1048 3671 1356 3737; x_wconf 88' lang='lat' dir='ltr'>dabamus</span> <span class='ocrx_word' id='word_1_229' title='bbox 1390 3670 1763 3737; x_wconf 87' lang='lat' dir='ltr'>Phaedriae.</span> 
     </span>
     <span class='ocr_line' id='line_1_37' title="bbox 366 3762 1953 3847; baseline -0.001 -18"><span class='ocrx_word' id='word_1_230' title='bbox 366 3763 449 3829; x_wconf 89' lang='lat' dir='ltr'>In</span> <span class='ocrx_word' id='word_1_231' title='bbox 482 3784 609 3847; x_wconf 92' lang='lat' dir='ltr'>quo</span> <span class='ocrx_word' id='word_1_232' title='bbox 643 3764 802 3829; x_wconf 86' lang='lat' dir='ltr'>haec</span> <span class='ocrx_word' id='word_1_233' title='bbox 835 3764 1117 3831; x_wconf 88' lang='lat' dir='ltr'>discebat</span> <span class='ocrx_word' id='word_1_234' title='bbox 1149 3765 1320 3842; x_wconf 78' lang='lat' dir='ltr'>ludo,</span> <span class='ocrx_word' id='word_1_235' title='bbox 1355 3764 1779 3831; x_wconf 86' lang='lat' dir='ltr'>exaduorsum</span> <span class='ocrx_word' id='word_1_236' title='bbox 1807 3762 1953 3829; x_wconf 89' lang='lat' dir='ltr'>ilico</span> 
     </span>
     <span class='ocr_line' id='line_1_38' title="bbox 367 3856 1954 3943; baseline 0.001 -22"><span class='ocrx_word' id='word_1_237' title='bbox 367 3857 711 3923; x_wconf 81' lang='lat' dir='ltr'>Tonstrina</span> <span class='ocrx_word' id='word_1_238' title='bbox 745 3870 879 3924; x_wconf 87' lang='lat' dir='ltr'>erat</span> <span class='ocrx_word' id='word_1_239' title='bbox 913 3858 1253 3943; x_wconf 83' lang='lat' dir='ltr'>quaedam:</span> <span class='ocrx_word' id='word_1_240' title='bbox 1289 3858 1395 3924; x_wconf 90' lang='lat' dir='ltr'>hic</span> <span class='ocrx_word' id='word_1_241' title='bbox 1429 3856 1786 3924; x_wconf 77' lang='lat' dir='ltr'>solebamus</span> <span class='ocrx_word' id='word_1_242' title='bbox 1820 3857 1954 3923; x_wconf 89' lang='lat' dir='ltr'>fere</span> 
     </span>
    </p>

    <p class='ocr_par' dir='ltr' id='par_1_11' title="bbox 115 3950 2228 4225">
     <span class='ocr_line' id='line_1_39' title="bbox 115 3950 2228 4038; baseline 0.004 -26"><span class='ocrx_word' id='word_1_243' title='bbox 115 3972 166 4013; x_wconf 70' lang='grc' dir='ltr'>ιο</span> <span class='ocrx_word' id='word_1_244' title='bbox 367 3951 756 4037; x_wconf 73' lang='lat' dir='ltr'>Plerumque</span> <span class='ocrx_word' id='word_1_245' title='bbox 789 3975 930 4019; x_wconf 86' lang='lat' dir='ltr'>eam</span> <span class='ocrx_word' id='word_1_246' title='bbox 963 3953 1255 4038; x_wconf 87' lang='lat' dir='ltr'>opperiri,</span> <span class='ocrx_word' id='word_1_247' title='bbox 1293 3953 1447 4019; x_wconf 88' lang='lat' dir='ltr'>dum</span> <span class='ocrx_word' id='word_1_248' title='bbox 1478 3950 1627 4017; x_wconf 89' lang='lat' dir='ltr'>inde</span> <span class='ocrx_word' id='word_1_249' title='bbox 1658 3952 1778 4017; x_wconf 88' lang='lat' dir='ltr'>iret</span> <span class='ocrx_word' id='word_1_250' title='bbox 1812 3952 2089 4017; x_wconf 87' lang='lat' dir='ltr'>domum.</span> <span class='ocrx_word' id='word_1_251' title='bbox 2156 3966 2228 4021; x_wconf 86' lang='grc'>90</span> 
     </span>
     <span class='ocr_line' id='line_1_40' title="bbox 365 4045 1654 4124; baseline -0.001 -13"><span class='ocrx_word' id='word_1_252' title='bbox 365 4045 623 4111; x_wconf 86' lang='lat' dir='ltr'>Interea</span> <span class='ocrx_word' id='word_1_253' title='bbox 657 4046 810 4111; x_wconf 91' lang='lat' dir='ltr'>dum</span> <span class='ocrx_word' id='word_1_254' title='bbox 845 4046 1137 4113; x_wconf 86' lang='lat' dir='ltr'>sedemus</span> <span class='ocrx_word' id='word_1_255' title='bbox 1169 4046 1280 4124; x_wconf 90' lang='lat' dir='ltr'>illi,</span> <span class='ocrx_word' id='word_1_256' title='bbox 1314 4046 1654 4113; x_wconf 85' lang='lat' dir='ltr'>interuenit</span> 
     </span>
     <span class='ocr_line' id='line_1_41' title="bbox 365 4138 1994 4225; baseline -0.001 -20"><span class='ocrx_word' id='word_1_257' title='bbox 365 4138 766 4206; x_wconf 85' lang='lat' dir='ltr'>Adulescens</span> <span class='ocrx_word' id='word_1_258' title='bbox 801 4139 1060 4225; x_wconf 88' lang='lat' dir='ltr'>quidam</span> <span class='ocrx_word' id='word_1_259' title='bbox 1093 4140 1468 4207; x_wconf 64' lang='lat' dir='ltr'>lacrumans.</span> <span class='ocrx_word' id='word_1_260' title='bbox 1538 4161 1654 4206; x_wconf 88' lang='lat' dir='ltr'>nos</span> <span class='ocrx_word' id='word_1_261' title='bbox 1685 4139 1969 4205; x_wconf 68' lang='lat' dir='ltr'>mirerier</span> <span class='ocrx_word' id='word_1_262' title='bbox 1976 4164 1994 4217; x_wconf 84' lang='lat'><em>3</em></span> 
     </span>
    </p>
   </div>
  </div>
 </body>
</html>
