2725 4650
1087 296 1426 339 Pasnmrro
2208 290 2344 342 XIII

169 409 273 463 etsi
340 408 412 463 eii
457 408 600 463 endo
671 407 850 478 magis
914 421 1079 477 quam
1152 421 1240 459 ex·
1273 420 1668 477 usquequaque
1692 407 1872 477 excipi
1902 408 2027 463 aliis
2048 410 2340 465 trochaicis

167 426 494 545 haurienaeffo,
537 475 1053 547 antiquissimorum,
1086 479 1239 555 quot·
1275 474 1541 544 versibus,
1576 476 1743 531 etiam
1773 493 1918 531 nunc
1940 483 2061 531 rata
2082 484 2342 549 certaque

170 550 303 614 quot
360 544 628 615 indagare
682 548 925 615 poterat,
991 543 1241 598 codicum
1275 544 1511 597 habetur
1521 546 1582 597 11.
1653 544 1869 599 omnino
1895 551 2077 601 autem
2102 564 2212 615 eos,
2245 548 2341 617 qui

168 612 500 668 lectionibus
555 618 827 681 uteretur,
886 611 1241 666 subtilissima
1277 611 1523 665 strictam
1566 612 1976 682 responsionem
2028 615 2089 667 in
2142 616 2339 670 consti·

169 680 502 735 observandi
541 681 808 735 facultate
841 686 1009 751 atque
1045 679 1242 733 eximia
1275 679 1493 733 tuendis
1547 680 1777 734 Terenti
1832 682 2061 736 canticis
2118 682 2339 738 efficere

167 750 340 802 totius
384 749 610 819 linguae
656 748 864 803 latinae
913 748 1238 819 cognitione,
1275 753 1553 817 conentur,
1578 748 1783 802 frustra
1800 765 1921 804 esse
1938 756 2097 820 put03
2122 752 2343 806 chorica

167 817 383 887 ingenii
407 833 614 872 summo
637 817 887 871 acumine
922 822 1090 885 atque
1115 831 1238 869 con·
1277 815 1423 869 enim
1436 816 1679 870 carmina
1696 834 2017 887 graecarum
2036 820 2339 874 comoedia-

167 885 416 939 iectandi
455 885 605 939 felici
647 885 890 939 sollertia
930 884 1239 952 excelleret,
1273 900 1413 951 rum,
1455 900 1596 954 quae
1637 902 1854 955 semper
1885 887 2165 957 strophica
2197 904 2339 942 com-

165 970 278 1007 non
303 970 437 1007 suae
459 959 672 1007 tantum
697 953 914 1020 aetatis,
939 953 1036 1007 sed
1058 957 1238 1021 poste·
1274 952 1547 1021 positione
1586 954 1899 1021 utebantur,
1939 954 1999 1008 in
2037 955 2162 1025 ipsa
2199 972 2341 1011 nova

165 1038 356 1075 rorum
367 1038 583 1103 quoque
597 1021 862 1075 studiisin
915 1026 1042 1075 oeta
1056 1025 1240 1073 nostro
1277 1020 1573 1089 comoedia,
1607 1037 1773 1091 quam
1805 1022 1963 1075 latini
1995 1023 2188 1077 comici
2220 1024 2347 1079 imi-.

163 1090 242 1143 im
285 1106 452 1157 ensis,
493 1107 597 1144 nec
626 1094 840 1143 tantum
926 1088 1239 1157 erentianis,
1274 1089 1551 1157 tabantur,
1575 1104 1686 1142 non
1707 1090 1819 1143 iam
1835 1091 2014 1144 locum
2031 1092 2339 1163 habebant3

165 1174 228 1212 se
295 1158 516 1211 omnino
533 1156 879 1239 philologicis
896 1157 1109 1225 studiis,
1127 1172 1238 1210 me·
1275 1157 1471 1209 melica
1518 1161 1702 1210 autem
1745 1157 1860 1227 illa,
1912 1175 2053 1228 quae
2100 1166 2341 1215 aetatem

164 1226 344 1281 tricae
367 1226 709 1296 potissimum
740 1225 876 1279 artis
904 1226 1130 1296 legibus
1153 1242 1237 1279 sa·
1274 1225 1532 1293 tulerunt,
1555 1241 1759 1296 magna
1775 1242 1842 1279 ex
1860 1232 2017 1296 parte
2035 1227 2153 1282 sine
2173 1229 2341 1283 dubio

244 1294 388 1348 citer
428 1294 740 1365 exploratis,
787 1294 1078 1364 plurimum
1115 1308 1238 1363 pro·
1275 1290 1650 1357 ἀπολελυμένα
1704 1299 1883 1363 erant,
1948 1295 2029 1349 ita
2078 1302 2141 1349 ut
2190 1298 2341 1367 apud

165 1311 304 1431 ἕιξὶῒς
347 1363 582 1416 alterum
611 1364 989 1417 Fleckeisenum
1030 1360 1238 1431 signifi·
1274 1360 1471 1414 latinos
1501 1360 1717 1414 illorum
1746 1362 2073 1432 interpretes
2106 1366 2340 1435 strophi-

165 1431 312 1499 cavi,
326 1431 424 1501 qui
439 1435 496 1485 et
509 1431 1236 1497 God.Hermanni,Ritschelii,
1275 1445 1397 1482 cam
1420 1430 1755 1483 canticorum
1790 1431 2235 1500 compositionem
2258 1433 2339 1487 in-

165 1499 404 1553 aliorum
421 1499 670 1553 doctrina
687 1498 951 1553 scaenicis
969 1498 1238 1551 Romano·
1275 1497 1346 1551 da
1388 1498 1605 1551 antibus
1629 1497 1788 1551 nobis
1818 1515 1907 1553 res
1938 1500 2028 1552 vix
2060 1500 2193 1553 satis
2215 1518 2340 1571 pro-

164 1585 294 1621 rum
329 1568 510 1649 poetis
549 1566 844 1621 utilissima
881 1566 1140 1632 imbutus,
1183 1570 1240 1619 et
1275 1581 1338 1619 ce
1380 1569 1451 1619 at.
1520 1570 1670 1619 recte
1704 1566 1723 1617 i
1766 1566 1875 1619 itur
1900 1566 2052 1622 Frid.
2076 1567 2195 1622 Leo
2220 1569 2336 1635 (Dt.

163 1636 292 1705 ipse
331 1636 539 1689 iudicio
583 1651 849 1706 perquam
894 1649 1027 1687 sano
1071 1641 1238 1703 atque
1275 1632 1384 1686 Lit.
1412 1634 1546 1687 1882
1612 1674 1623 1685 .
1649 1584 1771 1702 9353
1799 1636 2073 1689 monuisse
2102 1636 2338 1705 videtur,

165 1703 310 1758 artis
332 1703 557 1757 criticae
573 1719 777 1774 magna
798 1702 1015 1773 peritia,
1051 1701 1238 1755 subtili
1274 1701 1489 1755 cantica
1528 1702 1570 1755 il
1592 1720 1627 1756 a
1666 1704 2026 1772 componendi
2068 1709 2241 1758 artem
2274 1722 2340 1760 ex

166 1788 518 1826 numerorum
551 1788 714 1826 sensu
745 1786 812 1825 ac
847 1786 1057 1824 summa
1089 1775 1236 1824 vete·
1273 1769 1494 1824 musicis
1534 1770 1717 1839 potius
1748 1770 2051 1826 rationibus
2092 1772 2338 1827 iudican-

165 1858 292 1893 rum
315 1840 639 1910 scriptorum
670 1839 980 1909 cognitione
1011 1855 1143 1892 usus
1166 1838 1239 1891 ad
1275 1838 1402 1891 dam
1425 1854 1545 1891 esse
1556 1838 1619 1891 12.

167 1909 495 1963 Terentium
552 1908 822 1963 edendum
875 1908 956 1960 ita
1012 1910 1238 1976 paratus
1339 1906 1429 1959 Dc
1447 1908 1769 1959 stichicorum
1786 1924 2041 1961 versuum
2058 1912 2177 1963 arte
2192 1912 2338 1979 quod

167 1981 309 2045 erat,
341 1982 405 2030 ut
435 1978 554 2030 eius
586 1975 754 2029 editio
833 1980 1084 2045 ostquam
1114 1990 1236 2044 pro—
1271 1974 1359 2027 vel
1392 1974 1467 2027 ad
1498 1974 1834 2045 singulorum
1906 1977 2069 2029 edum
2099 1977 2339 2033 rationes

169 2045 277 2098 diit
331 2044 578 2115 (Lipsiae
633 2060 683 2097 a.
742 1994 896 2111 13:57)
910 2084 924 2111 ,
979 2044 1236 2113 vulgatae
1271 2042 1362 2095 vel
1402 2042 1474 2095 ad
1514 2058 1769 2097 caesuras
1806 2059 1872 2097 ve
1936 2046 2008 2099 ad
2048 2046 2339 2101 verborum

164 2113 346 2167 instar
403 2113 723 2179 haberetur,
788 2127 1118 2180 quamquam
1170 2126 1236 2164 eo
1271 2114 1559 2164 accentum
1606 2128 1731 2164 cum
1804 2128 2059 2166 versuum
2113 2131 2337 2169 numero

165 2181 309 2251 ips0,
343 2181 490 2250 quod
513 2178 944 2301 Umdpfenbachii
967 2184 1237 2249 apparatu
1273 2178 1693 2232 consociandum
1742 2179 1965 2249 attinet,
2020 2183 2337 2237 recentioris

167 2249 364 2303 critico
386 2265 574 2303 carere
637 2248 855 2316 ebebat,
886 2247 1070 2301 multis
1103 2247 1236 2301 locis
1271 2246 1503 2301 maxime
1536 2247 1735 2301 aetatis
1764 2248 2014 2304 homines
2038 2251 2185 2305 docti
2213 2268 2337 2306 cum

164 2334 279 2371 non
323 2318 436 2372 iam
483 2333 606 2372 eam
650 2316 962 2372 fabularum
1006 2315 1236 2370 formam
1270 2314 1543 2385 permulta
1588 2321 1644 2370 et
1689 2321 1841 2371 recte
1890 2324 1947 2372 et
1992 2318 2202 2374 utiliter
2240 2321 2335 2376 ob-

167 2386 653 2456 condicionemque
743 2386 960 2454 raebet,
1019 2385 1236 2454 qualem
1271 2384 1621 2453 servaverint,
1650 2390 1767 2438 tum
1790 2401 1938 2467 vero²
1968 2392 2032 2440 ut
2053 2387 2226 2442 libere
2253 2389 2335 2443 fa-

165 2454 606 2524 antiquissimam
627 2469 693 2507 ve
745 2453 1044 2525 genuinam
1065 2452 1234 2506 fuisse
1270 2456 1393 2505 tear
1450 2450 1508 2505 in
1549 2468 1614 2505 eo
1653 2453 1809 2506 nimii
1854 2453 2024 2510 fuisse
2064 2455 2333 2526 videntur,

164 2540 315 2577 nunc
339 2521 676 2576 confidimus.
1271 2492 1420 2588 quod
1465 2536 1631 2590 saepe
1678 2537 1835 2575 usum
1881 2523 1954 2575 ad
2009 2523 2337 2580 severiorem

240 2592 589 2658 canticorum,
599 2605 742 2659 quae
752 2588 1234 2643 extantinTerenti
1270 2588 1546 2658 quandam
1584 2603 1831 2642 normam
1871 2589 2122 2660 redigere
2168 2597 2335 2662 atque

165 2659 393 2729 fabulis,
419 2660 713 2728 compositio
733 2674 856 2712 cum
871 2657 960 2710 his
976 2657 1233 2728 proximis
1271 2673 1338 2711 ex
1374 2655 1667 2710 multorum
1708 2659 2076 2727 exemplorum
2110 2676 2334 2714 consen-

165 2727 330 2782 annis
368 2727 698 2798 permultum
736 2731 975 2780 tractata
1014 2731 1071 2780 et
1149 2741 1232 2779 ro-
1269 2725 1420 2778 sione
1461 2724 1642 2794 legem
1682 2724 1887 2794 ubique
1926 2726 2198 2781 valentem
2241 2731 2352 2783 de-'

165 2796 334 2864 fecte,
375 2797 422 2849 si
461 2795 692 2866 singulis
736 2794 874 2865 ipsis
919 2799 1130 2847 auctori
1168 2811 1234 2846 us
1271 2792 1471 2846 ducere
1526 2792 1836 2847 studebant.
1922 2794 2058 2848 mihi
2123 2797 2335 2851 cautius

166 2864 395 2918 credere
419 2864 601 2932 liceat,
625 2864 789 2970 Elasse
809 2863 924 2915 iam
944 2867 1235 2932 perspecta
1269 2859 1545 2942 agendum
1568 2877 1687 2915 esse
1721 2861 1863 2942 duco
1896 2866 1953 2918 et
1982 2863 2168 2946 multis
2199 2865 2335 2920 locis

165 2931 1234 3081 3332.312t³.z⁶2.3‚³g;.2.f2322213⁶31¹}3
1269 2928 1799 3078 effuseque
1820 2934 1972 3054 tata„
1985 2948 2336 3082 {efflei

163 3067 1230 3216 ffissssssrffleff⁸gffg⁸ss⁸aanssff}uffit²m3¹2?ss
1267 3067 1926 3190 fflfflffiffissfflffi
1955 3068 2333 3208 ἱῖᾚὲῗέωῗὲζ

163 3205 527 3258 tinuationem
559 3208 775 3273 spectat
801 3207 859 3256 et
889 3207 1040 3257 recte
1062 3219 1176 3258 iam
1199 3220 1232 3256 a
1269 3203 1479 3257 suadet.

162 3272 422 3326 Bentleio
445 3272 590 3339 (adn.
615 3272 687 3325 ad
709 3271 883 3324 Andr.
903 3271 962 3324 ΙΙ
985 3271 1036 3340 1,
1061 3272 1113 3338 7)
1137 3272 1229 3326 ob·
1333 3271 1402 3324 In
1467 3272 1871 3342 orthographicis
1932 3273 2099 3326 rebus
2159 3273 2333 3326 diver-

163 3345 388 3394 servata
429 3345 535 3408 est,
585 3338 890 3394 octonarios
928 3339 1233 3394 trochaicos
1269 3338 1488 3392 sitatem
1560 3339 1857 3395 formarum
1925 3341 2059 3394 satis
2125 3342 2333 3397 evitare

1270 3406 1455 3460 studui
1483 3408 1573 3461 vel
1610 3412 1752 3478 tum,
1795 3426 1919 3462 cum
1952 3409 2195 3463 diversas
2224 3410 2334 3464 for-

213 3497 269 3538 10
294 3493 392 3536 carl
407 3493 603 3546 com-nat,
619 3496 820 3536 nmetr.
832 3493 1039 3544 compos.
1051 3495 1096 3534 s.
1107 3494 1233 3536 com.
1268 3491 1387 3528 mas
1403 3475 1703 3545 antiquitus
1719 3477 1951 3531 traditas
1967 3495 2087 3534 esse
2107 3480 2336 3534 concedi

163 3549 207 3588 d.
227 3549 334 3587 Ter.
363 3543 537 3597 (Berlin
554 3545 689 3596 1876),
717 3547 795 3596 qui
821 3546 878 3586 de
908 3546 1234 3595 distinguendis

161 3599 450 3649 potIssimum
467 3598 667 3638 stichicis
695 3600 742 3636 et
767 3597 926 3638 mutati
942 3598 1120 3648 generis
1137 3609 1234 3639 ver·
1319 3601 1370 3639 11
1396 3599 1586 3638 Minoris
1607 3599 1839 3650 momenti,
1868 3600 2073 3650 quamuis
2100 3603 2221 3641 recte
2247 3602 2336 3642 for-

161 3651 289 3691 tibus
333 3650 502 3698 optime
545 3650 732 3690 meritus
783 3651 851 3688 est
894 3647 954 3697 (v.
997 3650 1100 3690 Jen.
1143 3650 1233 3688 Lit.
1269 3652 1387 3689 tasse
1406 3650 1688 3690 observatum
1710 3653 1789 3700 est,
1807 3652 1926 3700 quod
1942 3650 1995 3691 B.
2006 3651 2123 3692 Bom
2135 3650 2224 3703 (De
2242 3653 2334 3692 div.

160 3703 358 3750 zoin-ung
385 3701 484 3741 1877
519 3711 563 3750 p.
591 3701 642 3740 59
669 3699 806 3750 sqq.);
830 3697 945 3738 M.
971 3698 1138 3746 Schlee,
1163 3701 1234 3740 De
1271 3712 1340 3750 ap.
1359 3701 1464 3740 Ter.
1492 3712 1608 3741 vers.
1624 3702 1899 3752 Magdeburg
1914 3704 2016 3744 1868
2032 3714 2075 3753 p.
2094 3701 2138 3754 5)
2166 3706 2335 3752 statuit,

160 3763 283 3792 vers.
325 3752 378 3791 in
421 3754 539 3792 cant.
586 3753 689 3790 Ter.
736 3751 1054 3791 consecutione
1095 3749 1234 3801 (Dies.
1271 3751 1350 3791 ubi
1376 3753 1579 3792 senarius
1612 3754 1941 3794 immisceretur
1966 3753 2134 3794 diversi
2159 3756 2337 3794 numeri

161 3805 318 3852 inaug.
345 3803 551 3842 Berolini
575 3801 710 3851 1879),
747 3801 824 3850 qui
857 3801 1035 3852 singula
1061 3803 1238 3842 cantica
1270 3803 1489 3848 versibus,
1526 3805 1604 3843 aut
1637 3805 1902 3845 antecedere
1926 3805 1993 3846 ibi
2023 3809 2102 3846 aut
2126 3806 2337 3855 subsequi

162 3856 214 3894 in
247 3855 462 3904 periodos
498 3851 589 3904 (vel
624 3851 823 3902 ordines)
858 3851 1158 3892 distribuendi
1193 3857 1238 3894 et
1272 3854 1575 3902 septenarium
1591 3855 1884 3896 trochaicum.

165 3905 346 3954 singula
389 3914 597 3945 versuum
644 3913 813 3953 genera
862 3905 983 3944 inter
1029 3915 1078 3944 se
1131 3914 1235 3944 con·
1324 3906 1375 3944 12
1407 3904 1527 3944 Ante
1545 3906 1717 3956 omnia,
1746 3909 1796 3946 ut
1813 3908 1993 3957 opinor,
2020 3904 2335 3958 clausularum,

162 3955 379 3996 tinuandi
395 3965 526 3995 usum
543 3965 636 3995 non
654 3956 753 3995 sine
771 3955 918 3995 fructu
934 3957 1238 4006 perscrutatus
1273 3965 1389 4006 quae
1419 3955 1650 4006 dicuntur,
1688 3959 1847 3998 natura
1880 3960 2013 4006 atque
2044 3967 2151 3996 usus
2188 3958 2338 4007 explo-

165 4011 259 4057 est3
287 4005 384 4047 Garl
397 4005 618 4053 Meissnor,
644 4008 702 4047 D.
721 4006 909 4048 Cantica
935 4007 979 4047 d.
997 4007 1102 4048 Ter.
1133 4018 1177 4047 u.
1205 4008 1237 4047 i.
1275 4005 1419 4046 tanda
1442 4008 1489 4046 et
1513 4008 1825 4048 constituenda
1850 4010 1967 4057 sunt,
1995 4007 2253 4057 priusquam
2281 4009 2340 4048 ad

163 4058 438 4160 ἰῧθῖηιόὶὲιόίο
457 4055 530 4109 (N.
539 4057 570 4100 J
570 4058 696 4099 ahrb.
715 4059 747 4098 f.
756 4058 875 4098 Phil.
887 4056 1144 4110 Supp1.-Bd.
1154 4058 1240 4098 ΧΠ
1274 4059 1533 4098 universam
1550 4059 1825 4102 canticorum
1842 4061 2111 4102 structuram
2125 4059 2340 4112 indagan-
