2725 4650
626 276 753 345 250
1387 290 1802 351 ADELPHOE
2348 296 2355 302 ·
2491 293 2649 363 111‚2

795 413 921 479 Tot
972 418 1073 481 res
1125 426 1382 502 repente
1427 417 1901 482 circumuallant
1951 437 2038 492 se,
2089 416 2258 481 unde
2311 416 2558 502 emergi
2688 482 2689 491 ἒ

1469 512 1598 575 nen
1633 520 1866 595 potest:

791 602 908 668 Vis
943 612 1190 687 egestas
1224 603 1531 669 iniustitia
1563 604 1832 669 selitudo
1865 602 2142 668 infamia.
2605 619 2630 659 ὅ
2688 614 2689 617 ’

790 696 1037 761 Heeine
1072 697 1379 763 saeelum!
1423 720 1462 763 o
1499 699 1753 773 seelera,
1798 720 1837 761 o
1871 719 2106 783 genera
2147 696 2477 781 seerilega,
2511 716 2556 761 o

1467 790 1782 856 hominem
1816 790 2086 875 inpium!

484 889 587 943 305
622 880 735 949 So.
787 883 902 948 Me
948 886 1262 962 miseram,
1308 885 1463 970 quid
1503 908 1650 949 nam
1694 895 1787 949 est
1833 884 2000 967 qued
2033 884 2125 949 sio
2160 884 2348 948 uideo
2381 882 2556 945 timi-

1467 978 1620 1043 dum
1655 989 1719 1042 et
1752 980 2194 1063 properantem
2229 976 2503 1042 Getam?
2688 1062 2689 1067 ἵ

622 1068 741 1137 Gn.
788 1069 1001 1153 Quem
1060 1073 1265 1155 neque
1324 1072 1483 1137 fides
1543 1092 1750 1155 neque
1799 1071 1900 1135 iiis
1951 1071 2286 1136 iurandum
2337 1072 2555 1153 neque
2688 1076 2689 1161 ζ

1458 1165 1636 1230 illum
1671 1164 2096 1231 misericerdia

786 1258 1111 1343 Repressit
1164 1280 1373 1344 neque
1416 1258 1662 1324 reflexit
1701 1281 1909 1344 neque
1960 1259 2131 1343 quod
2181 1262 2400 1343 partus
2455 1258 2554 1321 in-

1461 1353 1671 1419 stabat
1709 1375 1927 1440 prope,

784 1446 958 1529 Quoi
999 1448 1263 1514 miserae
1306 1446 1566 1534 indigne
1609 1450 1722 1533 per
1765 1448 1899 1512 uim
1941 1447 2166 1513 uitium
2207 1446 2550 1513 obtfflerat.
2577 1465 2620 1504 ιο

1462 1540 1574 1607 So.
1619 1541 1766 1605 Non
1799 1541 2095 1626 intellego
2688 1606 2689 1633 i

786 1633 956 1700 Satis
992 1655 1155 1717 quae
1188 1634 1483 1719 loquitur.
1541 1631 1660 1700 CA.
1694 1634 1969 1721 Prepius
1995 1635 2255 1699 obsecro
2280 1635 2552 1702 ecoeda-
2687 1634 2689 1669 ³

1455 1750 1618 1806 mus,
1657 1726 1966 1793 Sdstrata.
2039 1726 2162 1795 Gn.
2207 1728 2339 1805 Ah,

478 1830 581 1884 310
781 1821 897 1887 Me
940 1822 1260 1900 miserum,
1315 1823 1425 1887 uix
1468 1844 1608 1887 sum
1653 1824 1910 1909 eempos
1955 1822 2165 1899 animi,
2217 1822 2308 1887 ita
2348 1823 2546 1888 ardeo

1456 1916 1798 1983 iracundia.

780 2009 888 2077 Nil
938 2012 1035 2077 est
1075 2010 1247 2096 quod
1287 2010 1504 2075 malim
1549 2033 1740 2095 quam
1779 2010 1953 2075 illam
1999 2021 2192 2075 totam
2233 2010 2549 2077 semiliam
2688 2042 2689 2045 ¹

1456 2106 1591 2171 dari
1623 2106 1711 2170 mi
1747 2106 2020 2183 ebuiam,

780 2202 871 2267 Vt
914 2222 1034 2287 ego
1077 2202 1243 2267 hene
1284 2201 1446 2267 iram
1487 2202 1554 2265 in
1599 2222 1704 2266 eos
1749 2203 2036 2265 euomam
2071 2222 2345 2277 omnem,
2389 2200 2548 2265 dum
2688 2224 2689 2271 ᾗ

1453 2294 1782 2381 aegritudo
1819 2295 1975 2362 haee
2009 2296 2103 2360 est
2134 2312 2377 2360 recens.
2688 2274 2689 2351 Ῑ

781 2387 987 2476 [Satis
1022 2389 1175 2455 mihi
1208 2390 1275 2455 id
1300 2390 1572 2456 habeam
1600 2391 1887 2476 supplici,
1924 2391 2076 2455 dum
2100 2391 2244 2456 illos
2271 2389 2547 2456 uleisear
2568 2408 2614 2448 ιε

1449 2481 1694 2570 modo.]

782 2575 935 2643 Seni
972 2576 1247 2642 enimam
1282 2577 1557 2663 primum
1591 2579 2026 2664 extinguerem
2058 2577 2201 2664 ipsi,
2235 2577 2352 2662 qui
2385 2579 2544 2644 illud

1454 2670 1750 2757 produxit
1785 2672 2017 2748 seelus3

474 2770 576 2824 315
776 2761 947 2827 Tum
974 2766 1183 2829 autem
1214 2763 1449 2850 Syrum
1475 2765 1876 2850 inpulserem,
1911 2765 2058 2842 uah,
2094 2763 2329 2849 quibus
2361 2767 2541 2832 mum

1453 2859 1795 2924 lacerarem
1830 2858 2058 2925 modis!

781 2949 1113 3016 Sublimem
1149 2952 1429 3017 medium
1465 2954 1802 3038 arriperem
1839 2964 1900 3017 et
1935 2953 2137 3038 eapite
2171 2955 2446 3038 prenum
2476 2955 2536 3018 in

1449 3057 1617 3112 terra
1649 3047 2008 3125 stetuerem,

776 3139 868 3204 Vt
902 3139 1158 3204 cerebro
1194 3139 1515 3225 disperget
1548 3140 1738 3204 uiam.
2688 3211 2689 3216 γ

746 3235 749 3238 ’
775 3211 1190 3300 Adulescenti
1222 3233 1345 3320 ipsi
1381 3233 1685 3318 eriperem
1719 3233 1955 3310 oeulos,
1987 3233 2128 3318 pest
2161 3233 2324 3300 haee
2357 3257 2534 3320 prae-
2553 3253 2604 3291 »ο

1452 3325 1704 3411 cipitem
1740 3326 1974 3392 darem.

779 3415 1043 3485 ceteros
1100 3441 1349 3485 ruerem
1401 3421 1657 3506 agerem
1709 3442 2024 3505 raperem,
2088 3419 2423 3486 tunderem
2473 3431 2529 3486 et

1449 3516 1925 3598 prosternerem.

474 3610 577 3664 320
781 3604 913 3672 Sed
948 3609 1126 3672 cesso
1163 3630 1331 3673 eram
1367 3605 1490 3672 hoe
1523 3608 1689 3673 malo
1721 3607 2016 3692 inpertire
2049 3608 2349 3693 prepete?
2421 3607 2524 3674 So.

1445 3700 1868 3767 Reuooemus:
1927 3699 2115 3768 Geta.
2181 3700 2301 3768 Gn.
2339 3703 2522 3778 Hem,

772 3792 1077 3878 Quisquis
1104 3817 1193 3872 es,
1230 3795 1361 3860 sine
1389 3816 1511 3859 me.
1567 3791 1677 3860 So.
1715 3779 1858 3881 Ego
1887 3817 2026 3861 sum
2055 3791 2356 3860 Sostrata.
2407 3793 2521 3861 Gr..

1445 3868 1576 3953 Vbi
1610 3890 1782 3953 east?
1817 3899 1880 3953 te
1913 3889 2117 3975 ipsam
2152 3888 2452 3973 quaerito,

770 3979 869 4044 Te
902 3981 1168 4064 expecto
1180 4001 1198 4056 3
1236 3980 1468 4066 oppido
1504 3982 1852 4066 eppbrtune
1887 3994 1951 4048 te
1983 3981 2267 4047 ebtulisti
2299 3983 2385 4046 mi
2416 3981 2523 4045 eb-

1441 4095 1632 4138 mam.
