2725 4650
140 345 228 414 1,1
714 343 1087 405 ΗΕΑνΤοΝ
1120 341 1676 406 rmonvusnos
2076 334 2161 401 55

920 1010 1329 1091 AOTVS
1390 1011 1455 1091 I.

671 1175 1066 1242 Cunnum
1184 1177 1719 1245 Mmumnuvs

769 1293 952 1337 sams
1418 1297 1462 1335 11

152 1421 182 1472 1,
198 1425 216 1462 1
240 1403 351 1470 Cn.
397 1405 807 1491 Quamquam
876 1407 1033 1474 haec
1102 1408 1267 1474 inter
1328 1431 1446 1474 nos
1514 1409 1716 1494 nuper
1775 1409 1996 1476 notitia
2053 1409 2166 1473 ed-

1076 1502 1395 1567 modumst

395 1593 588 1676 (Inde
639 1594 802 1661 adeo
844 1616 1033 1679 quom
1084 1619 1314 1682 agrum
1365 1597 1430 1660 in
1484 1598 1794 1681 proxumo
1846 1597 1951 1662 hic
2002 1619 2167 1661 mer-

1074 1693 1251 1756 catus
1288 1690 1388 1775 es)

395 1784 462 1848 N
462 1805 535 1848 ec
567 1784 660 1848 rei
693 1783 827 1848 fere
862 1805 1012 1848 sane
1047 1783 1156 1848 hoc
1188 1783 1460 1869 emplius
1496 1784 1838 1868 quicquam
1873 1784 2021 1850 fuit:

399 1877 647 1942 Tamen
679 1878 785 1943 uel
819 1877 1023 1942 uirtus
1056 1877 1167 1942 tua
1198 1900 1302 1942 me
1336 1878 1440 1942 uel
1475 1877 1784 1954 uicinitas,

194 1988 217 2028 5
402 1971 600 2053 Quod
633 1992 754 2056 ego
786 1973 854 2035 in
888 1971 1245 2057 propinqua
1276 1974 1459 2056 perte
1494 1971 1808 2037 amicitiae
1842 1983 2020 2058 puto,

398 2066 584 2130 Facit
615 2066 689 2129 {it
720 2076 784 2130 te
819 2065 1119 2131 audacter
1153 2069 1446 2131 meneam
1481 2077 1543 2130 et
1576 2067 1986 2145 familiariter,

401 2157 597 2240 Quod
627 2159 784 2223 mihi
819 2159 1035 2224 uidere
1068 2162 1319 2245 praeter
1352 2162 1624 2224 aetatem
1660 2170 1836 2225 tuam

400 2253 642 2318 Facere
677 2255 739 2318 et
775 2264 1023 2341 praeter
1056 2275 1247 2338 quam
1282 2255 1386 2318 res
1420 2265 1483 2318 te
1519 2253 1886 2320 adhortatur
1918 2265 2044 2319 tua.

399 2348 566 2413 Nam
611 2348 725 2433 pre
770 2348 960 2413 deum
1004 2358 1195 2433 atque
1237 2347 1565 2413 hominum
1607 2349 1820 2425 fldem,
1872 2349 2026 2432 quid
2069 2351 2167 2414 uis

1074 2441 1227 2508 tibi?

179 2554 223 2593 1⁰
402 2535 579 2618 Quid
612 2536 901 2619 quaeris?
934 2558 1135 2601 annos
1172 2536 1506 2621 sexaginta
1539 2539 1724 2601 uetus
1762 2560 1850 2615 es,

400 2634 539 2697 Aut
563 2630 705 2716 plus
738 2653 835 2709 eo,
861 2642 934 2695 ut
960 2630 1227 2708 conici03
1270 2628 1551 2717 [agrum]
1582 2631 1650 2696 in
1675 2630 1773 2695 his
1798 2632 2166 2718 regionibus

395 2724 734 2790 Melierem
760 2748 975 2811 cyrum
998 2747 1206 2811 neque
1240 2725 1406 2811 preti
1437 2724 1692 2790 maioris
1727 2727 1912 2789 nemo
1947 2726 2166 2805 habet3

404 2818 645 2884 Sel-uos
678 2818 1049 2904 compluris:
1084 2819 1347 2905 proinde
1381 2819 1564 2903 quasi
1597 2820 1784 2883 neme
1821 2819 1960 2897 siet,

399 2914 501 2977 Ita
536 2914 773 2978 attente
808 2923 941 2978 tute
974 2913 1230 2978 illerum
1262 2913 1476 2978 officia
1507 2913 1792 2999 ft‘mgere.

180 3024 221 3064 1⁶
398 3007 765 3091 Numquam
798 3017 929 3071 tam
962 3029 1151 3073 mane
1186 3007 1477 3093 egredior
1510 3028 1718 3091 neque
1753 3018 1884 3071 tam
1919 3009 2167 3095 uesperi

397 3101 685 3166 Domum
717 3112 1026 3181 reuortor,
1061 3104 1215 3185 quin
1250 3114 1315 3167 te
1348 3102 1419 3168 in
1452 3101 1653 3167 fundo
1690 3102 2021 3188 censpicer

400 3196 649 3261 Fodere
684 3197 797 3260 aut
831 3218 1012 3261 arare
1046 3205 1158 3261 aut
1190 3195 1436 3280 eliquid
1469 3196 1657 3261 ferre.
1747 3196 2019 3281 denique

400 3288 663 3354 Nullum
696 3290 965 3354 remittis
998 3292 1251 3375 tempus
1285 3311 1496 3374 neque
1529 3300 1594 3355 te
1627 3289 1909 3375 respicis.

398 3384 582 3447 Haec
615 3385 745 3448 nen
778 3383 1091 3469 uoluptati
1125 3382 1243 3447 tibi
1278 3405 1418 3448 esse
1455 3383 1608 3448 satis
1644 3385 1815 3449 certe
1849 3383 2000 3449 scio.

182 3490 224 3530 2⁰
402 3475 651 3540 ‘Enim'
688 3476 859 3541 dices
896 3484 1235 3560 ‘quantum
1272 3476 1378 3541 hic
1412 3476 1620 3561 eperis
1655 3477 1768 3540 fiat
1801 3477 2121 3561 paenitet)

400 3569 594 3651 Quod
626 3569 693 3634 in
730 3572 922 3655 epere
964 3570 1265 3635 faciundo
1302 3572 1534 3655 eperae
1571 3573 1888 3636 consumis
1927 3582 2095 3648 tuae,

402 3662 476 3729 Si
512 3664 729 3728 sumas
762 3663 829 3727 in
862 3663 987 3728 illis
1022 3663 1414 3740 exercendis,
1449 3662 1594 3748 plus
1633 3684 1805 3747 agas.

245 3754 369 3820 Mn.
400 3754 729 3833 Chremes,
766 3750 1095 3822 tantumne
1131 3757 1213 3822 ab
1247 3760 1317 3822 re
1351 3766 1523 3821 tuast
1558 3758 1646 3821 oti
1681 3756 1817 3832 tibi,

402 3850 635 3914 Aliena
669 3860 740 3914 ut
775 3872 959 3914 cures
997 3849 1073 3915 ea
1108 3872 1273 3934 quae
1310 3850 1401 3915 nil
1437 3849 1519 3914 ad
1552 3860 1615 3915 te
1648 3850 1952 3915 ettinent?

178 3954 223 3995 2⁵
247 3937 355 4005 Cn.
396 3944 611 4008 Home
656 3966 825 4008 sumz
862 3943 1124 4009 humani
1157 3944 1248 4009 nss
1282 3968 1321 4009 a
1355 3966 1459 4008 me
1496 3943 1770 4008 alienum
1805 3953 1980 4028 puto·

398 4037 522 4103 Vel
558 4038 661 4101 me
694 4059 954 4103 monere
988 4037 1111 4103 hoc
1145 4038 1251 4103 uel
1285 4040 1641 4124 percontari
1674 4048 1857 4123 puta:

399 4130 747 4209 Rectumst,
779 4153 900 4221 ego
928 4142 1000 4197 ut
1026 4131 1285 4210 faciam3
1313 4134 1444 4197 nen
1471 4142 1587 4213 est,
1615 4142 1678 4199 te
1704 4142 1775 4197 ut
1794 4132 2158 4197 deterream.

2203 1791 2270 1845 55

2203 2271 2271 2325 60

2200 2834 2270 2887 65

2201 3302 2270 3355 70

2200 3771 2267 3826 ‘15
