2725 4650
587 332 687 410 40⁸
1399 343 1698 399 ANDmA
2457 344 2545 416 Ν,
2565 346 2596 398 4

454 481 555 535 755
758 469 1009 539 Mirum.
1034 489 1208 544 uem,
1243 468 1620 552 inpudenter
1655 467 1879 532 mulier
1913 469 1968 530 si
2001 467 2156 532 facit

755 561 1093 628 Meretrix!
1148 559 1268 626 Cn.
1313 561 1425 625 Ab
1451 561 1759 626 Andriast
1795 558 2080 646 [ancilla]
2109 560 2292 639 haec,
2321 583 2510 645 quan-

1435 666 1571 719 tum
1605 654 1923 742 intellegO.

588 751 717 816 DA.
761 749 993 815 Adedn
1027 749 1318 815 uidemur
1352 748 1537 813 udbis
1572 771 1710 814 esse
1743 748 1976 835 iddnei,

754 844 835 910 In
868 842 1100 927 quibus
1136 843 1224 908 sic
1258 842 1595 908 inludatis?
1665 840 1785 906 On.
1837 843 2008 909 Veni
2037 843 2104 907 in
2138 845 2439 928 tempore.

586 937 716 1002 DA.
759 937 1047 1022 Propera
1078 937 1239 1002 adeo
1272 959 1542 1021 puerum
1577 937 1796 1001 tdllere
1831 936 1978 1002 hinc
2011 937 2093 1001 ab
2130 936 2340 1001 ianua.
2534 953 2578 992 2⁰

453 1041 554 1095 760
754 1031 982 1096 Mane:
1028 1053 1185 1096 caue
1218 1051 1542 1114 quoquam
1577 1052 1655 1094 ex
1687 1033 1847 1094 istoc
1881 1033 2154 1095 excessis
2187 1031 2356 1116 loco!

585 1127 722 1190 ΜῩ.
758 1125 849 1190 Di
884 1135 945 1189 te
982 1123 1329 1189 eradicent!
1381 1127 1474 1188 ita
1505 1147 1610 1189 me
1643 1125 1940 1189 miseram
1976 1124 2241 1188 territas.

584 1219 715 1284 DA.
760 1219 909 1283 Tibi
951 1221 1073 1304 ego
1109 1219 1253 1283 dico
1294 1241 1380 1282 an
1419 1219 1584 1284 non?
1651 1217 1790 1282 Mr.
1835 1219 2004 1296 Quid
2045 1218 2182 1286 uis?
2249 1218 2378 1282 DA.
2423 1219 2510 1280 At

1431 1312 1622 1376 etiam
1656 1312 1880 1398 rogas?

758 1406 959 1484 Cedo,
994 1407 1255 1490 qudium
1290 1427 1559 1491 puerum
1593 1406 1697 1470 hic
1730 1405 2068 1490 adposisti?
2115 1405 2216 1470 dic
2251 1404 2424 1469 mihi.

587 1503 723 1568 Mr.
761 1502 867 1566 Tu
892 1501 1135 1566 nescis?
1187 1499 1315 1564 DA.
1350 1499 1543 1564 Mitte
1561 1499 1630 1563 id
1643 1500 1816 1586 qued
1843 1501 2001 1564 scio:
2031 1500 2134 1563 dic
2152 1500 2326 1582 qued
2343 1521 2511 1584 rogo·
2536 1514 2580 1555 ²5

454 1602 553 1674 765
587 1598 723 1662 Mr.
761 1596 997 1662 Vostri.
1066 1592 1195 1658 DA.
1241 1591 1490 1673 Quoius
1524 1593 1760 1658 nostri?
1825 1593 1965 1658 Mr.
2006 1592 2350 1678 Pamphili.
2407 1593 2504 1658 CH.

1430 1687 1624 1751 Hem.
1692 1685 1823 1751 DA.
1870 1684 2084 1768 Quid?
2136 1685 2490 1772 Pamphili?

586 1785 723 1847 Mr.
759 1781 925 1858 Eh0‚
978 1804 1063 1846 an
1104 1781 1233 1847 ndu
1276 1781 1411 1844 est?
1485 1777 1607 1843 Cn.
1665 1779 1864 1846 Recte
1907 1802 2029 1864 ego
2081 1783 2330 1864 semper
2381 1779 2514 1865 fugi

1433 1873 1548 1938 has
1582 1875 1855 1958 nuptias.

587 1969 715 2034 DA.
761 1966 825 2032 Ο
888 1967 1133 2034 Γάοίηιιε
1195 1967 1470 2040 animum
1531 1966 2018 2032 adudrtendum!
2123 1967 2261 2031 Mr.
2343 1966 2514 2048 Quid

1435 2060 1756 2126 clamitas?

588 2155 717 2220 DA.
762 2154 1058 2236 Quemne
1093 2157 1213 2239 ego
1248 2155 1387 2220 heri
1420 2153 1556 2218 uidi
1591 2154 1674 2218 ad
1707 2157 1826 2220 ιιόε
1863 2153 2095 2220 adferri
2130 2155 2418 2239 uesperi?

588 2250 723 2315 Mr.
756 2248 819 2313 O
856 2249 1176 2313 hdminem
1210 2247 1545 2314 audacem!
1598 2248 1726 2312 DA.
1763 2249 2036 2329 Verum:
2071 2248 2206 2312 uidi
2235 2246 2515 2313 Gantha-
2538 2266 2583 2306 ³0

702 2402 705 2405 ,
1427 2366 1564 2409 ram

451 2449 555 2503 770
758 2437 1269 2503 Suffarcinatam.
1330 2438 1469 2504 Mt.
1512 2436 1636 2501 Dis
1669 2438 1776 2523 pol
1811 2437 2016 2503 habeo
2049 2438 2341 2525 gratiam,

759 2530 973 2614 Quom
1006 2532 1075 2595 in
1107 2531 1418 2617 pariundo
1453 2531 1711 2616 aliquod
1743 2530 2084 2599 adfuerunt
2115 2532 2372 2599 liberae.

582 2626 713 2692 DA.
758 2627 858 2690 Ne
892 2626 1001 2690 illa
1042 2626 1220 2689 illum
1262 2625 1436 2689 haud
1479 2625 1676 2701 nouit,
1721 2625 1948 2708 qudius
1993 2648 2187 2691 causa
2228 2626 2389 2691 haec
2423 2629 2516 2691 in-

1433 2719 1611 2803 cipit:

756 2812 1092 2879 ‘Chremes
1129 2814 1183 2877 si
1217 2835 1484 2899 puerum
1519 2812 1796 2897 pesitum
1832 2823 1977 2877 ante
2013 2813 2188 2878 aedis
2223 2812 2473 2891 uiderit,

755 2907 955 2977 Suam
1006 2910 1265 2993 gnatam
1326 2928 1455 2971 non
1504 2905 1736 2971 dabit’:
1806 2917 1980 2973 tanto
2039 2908 2250 2973 hercle
2311 2909 2514 2993 magis
2537 2923 2584 2965 ³⁵

746 3056 749 3061 .
1431 2999 1624 3064 dabit.

450 3106 551 3162 775
588 3092 707 3159 Cn.
751 3094 816 3159 N
817 3116 898 3158 on
950 3093 1159 3158 hercle
1208 3093 1419 3159 faciet.
1508 3092 1636 3157 DA.
1697 3094 1885 3158 Nunc
1937 3093 2125 3172 ade0‚
2187 3105 2259 3158 ut
2309 3106 2382 3160 tu
2433 3097 2514 3159 sis

1428 3187 1650 3265 sciens,

751 3281 894 3346 Nisi
924 3281 1190 3367 puerum
1219 3281 1406 3357 tollis,
1440 3281 1568 3347 iam
1595 3303 1714 3367 ego
1741 3279 1909 3346 hunc
1943 3280 2010 3344 in
2039 3281 2316 3346 mediam
2341 3282 2515 3347 uiam

749 3375 1138 3440 Proudluam
1172 3386 1361 3458 teque
1396 3374 1631 3439 ibidem
1664 3376 2032 3460 peruoluam
2065 3376 2132 3438 in
2165 3375 2323 3440 luto,
2653 3366 2655 3373 ¹

580 3468 717 3533 Mr.
753 3468 859 3532 Tu
892 3470 999 3553 pel
1032 3467 1219 3533 homo
1254 3490 1383 3532 non
1418 3491 1486 3533 es
1521 3467 1790 3533 sdbrius.
1857 3468 1988 3535 DA.
2040 3468 2320 3533 Fallacia

748 3562 901 3626 Alia
933 3563 1120 3626 aliam
1155 3562 1380 3626 trudit:
1423 3563 1549 3625 iam
1583 3562 1894 3627 susurrari
1927 3561 2133 3639 audin,
2532 3580 2579 3619 ιο
2651 3638 2653 3643 .

445 3670 545 3724 780
749 3653 978 3721 Ciuem
993 3638 1276 3721 Atticam
1294 3679 1433 3736 esse
1450 3655 1634 3721 hanc.
1673 3653 1794 3720 Cn.
1821 3657 2010 3719 Hem.
2043 3654 2174 3719 DA.
2203 3653 2510 3721 ‘Coactus
2651 3654 2653 3666 '

1419 3749 1668 3835 legibus

744 3842 909 3907 Eam
943 3843 1208 3908 uxerem
1244 3843 1469 3908 ducet?
1548 3842 1687 3909 Mr.
1740 3842 1907 3921 Eho,
1943 3844 2224 3919 6bsecrn,
2261 3866 2345 3907 an
2380 3866 2512 3909 non
2649 3908 2651 3936 Ι

1422 3936 1578 4001 ciuis
1613 3936 1744 4001 est?

578 4027 701 4093 On.
742 4028 1125 4093 Iocularium
1159 4030 1226 4093 in
1260 4030 1498 4093 malum
1530 4030 1802 4095 insciens
1836 4054 2034 4117 paeue
2068 4030 2282 4095 incidi.

574 4121 703 4188 DA.
748 4119 911 4205 Quis
928 4121 1031 4187 bic
1056 4122 1368 4205 ldquitur?
1402 4145 1439 4187 o
1461 4119 1784 4201 Chremes,
1814 4146 1928 4209 per
1946 4136 2192 4210 tempus
2209 4124 2504 4191 aduenis:
