2725 4650
557 309 680 376 138
1310 319 1681 380 EVNVOHV
1683 320 1723 378 S
2474 322 2551 390 V,
2576 322 2609 375 2

551 446 670 512 ΤΗ.
715 443 892 527 Quid
940 444 1219 510 feceras?
1281 443 1402 510 Cn.
1452 444 1729 510 Paulum
1780 443 2101 529 quiddam.
2170 444 2291 510 ΡΥ.
2344 444 2504 510 Eho

1397 538 1735 623 ‘paulum',
1768 538 2120 625 inpudens?

721 633 831 697 An
865 631 1125 719 paulum
1159 631 1281 697 hoc
1315 653 1455 698 esee
1488 632 1605 695 tibi
1638 632 1911 709 uidetur,
1948 632 2269 718 uirginem

720 727 964 794 Vitiata
999 725 1241 791 ciuem?
1310 723 1432 791 Gn.
1468 722 1863 791 Ceneeruam
1898 747 2035 792 esse
2070 725 2329 790 credidi.

551 820 668 885 ΡΥ.
721 817 1154 886 Conseruam?
1187 818 1298 884 uix
1333 841 1439 885 me
1472 818 1762 884 centineo
1796 819 1951 903 quin
1981 820 2266 886 inuolem
2532 840 2584 879 20

417 921 520 977 860
719 913 1008 979 Monstro
1057 916 1126 977 in
1177 912 1505 999 capillum:
1564 912 1756 977 etiam
1813 913 1979 978 ultro
2040 912 2320 981 derisum
2376 914 2500 979 ed-

1396 1005 1593 1072 uenit.

553 1101 674 1166 Tu.
715 1101 894 1166 Abin
925 1100 1093 1178 hinc,
1135 1101 1395 1166 insana?
1461 1099 1578 1164 Pr.
1615 1097 1792 1180 Quid
1824 1099 1913 1164 ita
1946 1100 2141 1166 uero?
2192 1100 2496 1180 debeam,

725 1193 957 1273 Credo,
990 1195 1096 1260 isti
1128 1195 1471 1280 quicquam
1502 1193 1821 1270 ffircifero,
1857 1193 1913 1258 si
1942 1193 2013 1258 id
2044 1195 2355 1273 feeerim3·

726 1288 1111 1354 Praesertim
1144 1309 1337 1373 quom
1371 1309 1442 1352 se
1486 1289 1738 1352 seruom
1769 1287 2044 1352 fateatur
2076 1298 2275 1352 tuom.

555 1382 674 1446 Τιι.
717 1382 927 1448 Missa
957 1381 1116 1447 haec
1146 1380 1474 1446 faciamus.
1541 1382 1671 1446 nen
1703 1391 1768 1446 te
1802 1380 2087 1467 dignum,
2123 1378 2440 1460 Chaerea,
2526 1403 2583 1443 25
2696 1383 2698 1394 '

417 1493 520 1550 865
720 1475 986 1553 Fecisti3
1020 1498 1169 1539 nam
1203 1475 1258 1540 si
1290 1496 1414 1560 ego
1449 1474 1643 1559 digna
1674 1473 1796 1539 hac
1829 1474 2207 1539 contumelia

727 1569 888 1634 Sum
921 1571 1236 1645 mexume,
1272 1578 1338 1633 at
1372 1577 1445 1632 tu
1476 1567 1774 1652 indignus
1809 1567 1919 1651 qui
1952 1566 2194 1634 faceres
2230 1578 2469 1634 tamen.

724 1662 951 1746 Neque
983 1661 1209 1746 edepol
1241 1660 1399 1745 quid
1430 1683 1602 1726 nunc
1635 1660 1856 1725 censili
1888 1661 2137 1746 capiam
2170 1661 2301 1727 scio

724 1754 830 1820 De
863 1755 1109 1840 uirgine
1141 1754 1326 1818 istac:
1360 1756 1452 1817 ita
1486 1753 1875 1819 conturbasti
1906 1753 2063 1818 mihi

724 1848 1026 1914 Ratienefl
1060 1847 1283 1924 omnis,
1323 1848 1394 1910 ιιι
1429 1869 1571 1912 eam
1602 1867 1731 1911 non
1764 1849 2002 1932 possim
2034 1847 2165 1913 suis
2520 1871 2576 1910 no

421 1945 524 2007 870
723 1942 828 2008 Ita
858 1953 931 2007 ιιι
965 1944 1235 2025 aequom
1265 1939 1475 2006 fuerat
1506 1944 1698 2024 etque
1732 1950 1804 2005 ut
1837 1939 2051 2006 studui
2082 1941 2353 2020 tredere,

725 2036 816 2103 Vt
849 2034 1118 2100 eelidum
1153 2057 1442 2121 parerem
1474 2033 1595 2099 hoc
1627 2035 1717 2097 mi
1739 2034 2138 2113 beneficium,
2176 2033 2495 2104 Chaerea.

560 2127 679 2196 Cn.
725 2130 819 2195 At
850 2129 1022 2194 m'mc
1055 2128 1283 2194 dehinc
1317 2149 1501 2213 spero
1526 2130 1847 2193 aeternam
1880 2128 2044 2194 inter
2066 2151 2182 2195 nos
2216 2132 2497 2216 gretiam

724 2223 910 2300 Fore,
944 2222 1162 2287 Theis.
1231 2244 1424 2307 saepe
1459 2244 1540 2286 ex
1573 2222 1761 2287 huius
1796 2222 1969 2287 modi
2003 2245 2075 2288 re
2109 2225 2411 2310 quepiam

726 2317 906 2384 Male
941 2315 1248 2403 principio
1279 2319 1515 2402 magna
1546 2313 1936 2382 familiaritas
2519 2340 2571 2381 ⁸5

422 2422 526 2477 875
730 2411 1099 2477 Conflatast.
1169 2410 1325 2494 quid
1357 2410 1411 2475 si
1445 2409 1566 2474 hoc
1598 2410 1915 2495 quispiam
1948 2411 2152 2476 uoluit
2186 2411 2384 2478 deus?

558 2506 679 2570 ΤΗ.
723 2505 1041 2589 Equidem
1072 2505 1179 2589 pol
1213 2504 1282 2568 in
1313 2526 1456 2569 eam
1488 2505 1733 2587 partem
1766 2504 2132 2589 accipioque
2165 2508 2230 2570 et
2262 2508 2437 2573 uolo.

560 2598 679 2665 Cn.
724 2601 928 2665 Immo
960 2600 1051 2663 ita
1083 2619 1337 2683 quaeso.
1407 2618 1607 2661 unum
1641 2596 1763 2662 hoc
1798 2600 1973 2675 scito,
2010 2601 2433 2667 contumeliae

726 2694 874 2759 Non
907 2694 1010 2758 me
1043 2691 1270 2759 fecisse
1303 2692 1515 2767 causa,
1550 2690 1665 2756 sed
1696 2693 1944 2757 amoris.
2029 2692 2152 2757 Tu.
2190 2690 2362 2773 Scio,

727 2788 815 2853 Et
845 2788 955 2874 pel
986 2797 1318 2872 propterea
1349 2784 1555 2871 magis
1586 2806 1757 2850 nunc
1790 2784 2051 2870 ignosce
2086 2786 2222 2852 tibi.
2511 2811 2567 2850 ιο
2692 2770 2695 2801 ¹

421 2890 528 2945 880
726 2881 791 2947 N
791 2904 875 2947 on
907 2882 1066 2947 adeo
1099 2880 1444 2945 inhumano
1475 2879 1731 2963 ingenio
1764 2901 1928 2957 sum,
1964 2878 2273 2959 Chaerea,

726 2974 952 3060 Neque
984 2975 1074 3039 ita
1103 2974 1393 3058 inperita,
1427 2983 1499 3037 ιιι
1530 2971 1685 3055 quid
1721 2995 1897 3038 amor
1928 2974 2139 3039 ualeat
2171 2976 2470 3044 nesciam.

560 3067 681 3135 Cn.
725 3067 823 3133 Te
865 3068 1118 3152 queque
1167 3066 1315 3144 iam,
1369 3065 1587 3143 Thais,
1636 3068 1727 3129 ita
1773 3089 1877 3132 me
1920 3066 1986 3131 di
2036 3068 2201 3135 bene
2251 3074 2487 3151 ament,

1400 3180 1564 3224 amo·

557 3256 676 3321 ΡΥ.
729 3255 898 3319 Tum
931 3253 1038 3339 pel
1070 3250 1187 3317 tibi
1219 3254 1299 3318 ab
1334 3253 1513 3329 istoc,
1548 3253 1676 3330 era,
1710 3254 2065 3319 cauendum
2096 3254 2420 3343 intellego.

561 3348 681 3415 Cn.
723 3349 789 3414 N
790 3372 872 3413 on
916 3346 1136 3412 ausim.
1222 3346 1338 3411 ΡΥ.
1381 3346 1491 3411 Nil
1535 3347 1649 3412 tibi
1684 3350 2023 3431 quicquam
2066 3349 2275 3415 credo.
2364 3353 2486 3418 ΤΗ.
2511 3371 2565 3413 ιε

1402 3439 1697 3505 Desinae.

425 3553 528 3607 885
563 3533 681 3601 Cn.
725 3535 914 3601 Nunc
948 3538 1071 3621 ego
1105 3544 1168 3599 te
1201 3534 1268 3599 in
1301 3532 1423 3598 hac
1455 3555 1526 3600 re
1559 3535 1647 3599 mi
1681 3536 1791 3599 ero
1826 3545 1899 3600 ιιι
1931 3534 2204 3600 adiutrix
2238 3536 2385 3615 εἰοε,

728 3628 874 3716 Ego
907 3632 1010 3694 me
1045 3638 1192 3694 tuae
1227 3628 1598 3693 commendo
1634 3638 1694 3694 et
1730 3628 2052 3693 committe
2094 3628 2240 3706 fide,

731 3725 828 3789 Te
863 3724 1017 3787 mihi
1048 3734 1378 3808 patronam
1413 3722 1614 3806 cepi0,
1649 3720 1867 3799 Thais,
1902 3732 1967 3786 te
2002 3722 2291 3788 ebsecro.

731 3817 1042 3893 Emeriar,
1079 3816 1134 3881 si
1165 3838 1296 3880 non
1327 3814 1492 3880 hene
1526 3836 1787 3879 uxorem
1819 3815 2079 3880 duxero.

564 3912 686 3977 ΤΗ.
732 3911 977 3976 Tamen
1027 3912 1083 3974 si
1132 3920 1311 3995 pater
1352 3907 1562 3992 quid.
1600 3910 1665 3973 .Ρ
1735 3906 1855 3973 Cn.
1905 3890 2019 3974 Ah
2062 3910 2265 3988 uolet,
2317 3916 2489 3981 certe
2516 3933 2567 3976 ω

1405 4002 1555 4079 scio,

427 4106 530 4161 890
735 4096 914 4165 Ciuis
947 4097 1135 4162 modo
1171 4096 1326 4163 haec
1361 4096 1459 4161 sit.
1542 4095 1663 4161 Tu.
1698 4095 2043 4161 Paululum
2078 4099 2422 4184 opperirier
