2725 4650
948 306 1141 364 VITA
1175 303 1524 364 TERENTI.
2162 285 2204 352 5
2219 344 2226 350 ,

124 429 259 470 ΘΜ·
404 425 541 481 Post
572 427 749 482 editas
782 446 872 482 sex
905 427 1236 498 comoedias,
1268 428 1510 482 nondum
1544 427 1794 497 quintum
1817 430 1984 496 atque
2006 424 2202 479 uicesi-

122 492 171 532 1>-
190 484 243 572 ⁸5²
265 529 419 566 mum
450 529 705 584 egressus
736 531 955 583 annum,
988 513 1159 568 animi
1190 529 1359 568 eausa
1381 532 1470 568 seu
1492 512 1754 568 uitandae
1777 510 2067 584 opinionis,
2092 526 2202 581 qua

265 596 565 652 uidebatur
603 599 785 654 aliena
823 615 925 670 pro
964 599 1075 653 suis
1117 600 1309 667 edere,
1352 615 1452 654 seu
1490 598 1831 670 percipiendi
1865 596 2201 652 Graecorum

265 681 523 738 instituta
552 701 838 755 moresque
851 724 865 753 ,
908 701 1043 756 quos
1084 701 1195 738 non
1233 684 1463 756 perinde
1505 683 1835 755 exprimeret
1871 682 1932 736 in
1965 679 2199 751 scriptis,

268 783 526 838 egressus
564 771 691 824 urbe
722 775 807 823 est
838 785 1016 839 neque
1065 770 1298 841 amplius
1340 769 1522 825 rediit.
1594 770 1664 823 de
1705 773 1880 825 morte
1921 767 2037 822 eius
2067 765 2198 822 Vol·
2235 764 2270 818 5

268 852 457 907 eacius
480 853 562 908 sic
583 855 779 910 tradit:

180 971 234 1010 ιο
342 953 453 1010 Sed
474 960 539 1010 ut
565 935 707 1012 Afer
726 959 932 1030 populo
955 957 1051 1014 sex
1074 957 1229 1013 dedit
1250 955 1580 1026 comoedias,

338 1041 457 1094 Iter
476 1038 608 1096 hinc
627 1043 689 1097 in
710 1044 903 1097 Asiam
928 1041 1079 1100 fecit.
1150 1059 1347 1097 nauem
1371 1053 1538 1097 autem
1561 1038 1626 1096 ut
1647 1041 1816 1097 semel

341 1123 690 1197 Conscendit,
712 1128 863 1182 uisus
887 1126 1183 1201 numquam
1208 1134 1316 1182 est:
1342 1127 1424 1183 sic
1445 1126 1563 1182 uita
1584 1132 1763 1181 uacat.

232 1302 237 1305 ῃ
270 1226 337 1292 Q.
363 1226 662 1284 Cosconius
692 1231 1013 1286 redeuntem
1038 1249 1068 1285 e
1094 1230 1333 1286 Graecia
1362 1230 1573 1302 perisse
1605 1230 1664 1284 in
1694 1229 1834 1284 mari
1863 1235 1888 1263 ·
1913 1228 2035 1282 sinu
2055 1227 2199 1281 Leu-
2237 1226 2305 1278 10

269 1314 467 1370 cadiae
491 1320 516 1348 ‘
548 1314 685 1370 dicit
714 1333 835 1370 cum
862 1314 945 1386 [C.
974 1321 1031 1370 et
1052 1316 1236 1386 VIII.]
1269 1315 1474 1370 fabulis
1508 1315 1784 1370 conuersis
1816 1331 1851 1369 a
1882 1312 2200 1368 Menandro.

182 1412 235 1454 15
272 1399 444 1452 ceteri
483 1405 756 1454 mortuum
798 1418 917 1455 esse
956 1401 1015 1455 in
1059 1401 1303 1456 Arcadia
1336 1399 1648 1472 Stymphali
1690 1400 1835 1470 [sinu
1863 1397 2200 1467 Leucadiae]

121 1508 173 1548 1³·
192 1499 243 1538 33
270 1485 503 1538 tradunt
524 1485 622 1539 Cn.
651 1485 901 1540 Cornelio
924 1485 1219 1542 Dolabella
1242 1487 1318 1540 M.
1344 1486 1545 1541 Fuluio
1567 1485 1846 1542 Nobiliore
1871 1483 2200 1553 consulibus,

267 1570 463 1624 morbo
486 1570 811 1642 implicitum
837 1571 994 1641 [acri]
1022 1588 1089 1626 ex
1113 1573 1297 1626 dolore
1323 1588 1390 1627 ac
1411 1571 1597 1627 taedio
1620 1571 1938 1625 amissarum
1963 1570 2198 1625 sarcina·

268 1672 411 1724 rum,
437 1670 575 1724 quas
598 1656 658 1710 in
680 1672 821 1711 naue
845 1657 1223 1727 praemiserat,
1249 1673 1315 1712 ac
1340 1657 1500 1712 simul
1523 1656 1852 1727 fabularum,
1876 1673 2012 1727 quas
2030 1671 2201 1709 nouas
2237 1655 2306 1708 15

271 1739 504 1794 fecerat.

409 1825 605 1880 Fuisse
652 1827 853 1881 dicitur
896 1827 1157 1882 mediocri
1205 1832 1440 1897 statura,
1487 1827 1684 1900 gracili
1727 1843 1976 1898 corpore,
2025 1825 2203 1881 colore

202 1926 231 1966 5
270 1910 445 1965 fusco.
517 1911 742 1980 reliquit
771 1911 970 1982 filiam,
1004 1929 1145 1990 quae
1177 1917 1303 1984 post
1335 1914 1509 1984 equiti
1538 1914 1785 1967 Romano
1817 1911 2029 1984 nupsit3
2068 1911 2203 1966 item

268 1997 518 2053 hortulos
540 1997 656 2050 XX
677 1997 928 2068 iugerum
952 1999 1047 2052 uia
1064 1997 1253 2069 Appia
1275 1999 1348 2053 ad
1372 1999 1567 2053 Martis
1592 1999 1842 2068 [uillam]
1891 2013 2001 2066 quo
2025 1998 2203 2070 magis

270 2082 443 2136 miror
464 2081 721 2136 Porcium
746 2083 1012 2136 scribere:
2237 2083 2306 2136 20

343 2182 536 2255 Scipio
559 2185 638 2239 nil
657 2183 885 2256 profuit,
909 2185 988 2239 nil
1010 2183 1253 2256 Laeliae,
1277 2185 1356 2241 nil
1379 2183 1598 2256 Furiae,

341 2268 487 2328 Tres
509 2287 613 2341 per
632 2270 692 2325 id
714 2267 931 2341 tempus
955 2271 1052 2341 qui
1074 2271 1366 2343 agitabant
1387 2269 1598 2329 nobiles
1622 2271 1925 2327 facillume:

340 2354 551 2411 Eorum
573 2356 669 2409 ille
694 2372 863 2427 opera
885 2353 955 2411 ne
980 2358 1200 2411 domum
1224 2357 1448 2427 quidem
1468 2355 1665 2413 habuit
1687 2355 2102 2427 conducticiam‚

344 2442 557 2497 Saltem
580 2446 643 2496 ut
665 2447 809 2496 esset
832 2439 939 2511 quo
963 2441 1197 2496 referret
1219 2440 1432 2499 obitum
1457 2442 1660 2497 domini
1685 2440 1945 2497 seruolus.

274 2543 291 2582 f
412 2544 581 2599 Hunc
602 2544 867 2598 Afranius
899 2544 1121 2614 quidem
1154 2545 1403 2599 omnibus
1437 2545 1657 2600 comicis
1689 2544 1933 2617 praefert
1963 2546 2204 2601 scribens
2238 2547 2308 2602 25

269 2585 334 2685 ln
360 2630 785 2701 Compitalibus:

188 2739 239 2777 10
348 2724 581 2781 Terenti
603 2742 791 2778 numne
814 2720 1051 2779 similem
1075 2723 1257 2778 dicent
1279 2721 1630 2795 quempiam?

130 2853 181 2891 p.
204 2842 253 2881 34
276 2829 577 2886 Volcacius
610 2832 794 2882 autem
824 2843 934 2882 non
964 2827 1139 2880 solum
1170 2826 1386 2882 Naeuio
1418 2831 1474 2881 et
1505 2826 1705 2881 Plauto
1738 2832 1794 2881 et
1819 2826 2074 2899 Caecilio,
2109 2830 2205 2883 sed

275 2913 499 2969 Licinio
522 2928 739 2984 quoque
764 2916 823 2966 et
843 2912 1018 2965 Atilio
1038 2911 1335 2982 postponit.
1395 2910 1586 2967 Cicero
1609 2913 1667 2967 in
1690 2912 1920 2969 Limone
1943 2914 2206 2970 hactenus

278 3000 500 3055 laudat:
2242 3002 2311 3055 30

350 3085 441 3139 Tu
464 3099 704 3155 quoque,
729 3082 827 3153 qui
849 3083 995 3136 solus
1016 3082 1161 3137 lecto
1186 3098 1450 3153 sermone,
1476 3084 1718 3153 Terenti,

352 3168 690 3225 Conuersum
714 3184 1136 3239 expressumque
1159 3167 1363 3223 Latina
1385 3184 1520 3222 uoce
1545 3168 1906 3223 Menandrum

224 3268 254 3308 5
351 3256 418 3309 In
440 3254 685 3309 medium
706 3253 865 3308 nobis
890 3253 1096 3307 sedatis
1117 3252 1345 3307 motibus
1371 3253 1550 3323 effers,

353 3340 631 3406 Quiddam
656 3356 807 3393 come
830 3338 1057 3407 loquens
1081 3343 1247 3410 atque
1270 3338 1452 3393 omnia
1476 3338 1659 3393 dulcia
1681 3328 1921 3397 miscens.

287 3445 427 3497 Item
451 3440 513 3497 C.
541 3439 769 3496 Caesar:
1800 3505 1804 3508 ,
2248 3446 2317 3501 35

355 3530 447 3582 Tu
470 3542 706 3598 quoque,
729 3526 871 3581 tuin
896 3526 1135 3596 summis,
1159 3544 1192 3582 o
1217 3527 1502 3582 dimidiate
1525 3527 1846 3598 Menander,

354 3613 604 3682 Poneris‚
630 3618 685 3668 et
705 3613 917 3682 merito,
939 3613 1066 3683 puri
1090 3614 1350 3667 sermonis
1375 3618 1601 3668 amator.

198 3712 263 3752 ιο
356 3698 602 3753 Lenibus
626 3702 792 3768 atque
815 3698 1025 3752 utinam
1049 3698 1267 3769 scriptis
1290 3699 1551 3753 adiuncta
1573 3699 1717 3753 foret
1739 3699 1844 3769 uis,

359 3784 581 3838 Comica
600 3788 664 3837 ut
686 3789 921 3853 aequato
943 3783 1117 3837 uirtus
1140 3784 1376 3855 polleret
1396 3787 1599 3839 honore

362 3868 495 3923 Cum
520 3867 751 3923 Graecis
774 3886 912 3923 neue
935 3869 1041 3923 hac
1064 3869 1355 3940 despectus
1379 3874 1536 3941 parte
1559 3870 1794 3925 iaceres!
2249 3872 2318 3926 40

363 3954 542 4015 Vnum
565 3955 671 4009 hoc
692 3970 937 4014 maceror
958 3971 1026 4015 ac
1050 3954 1209 4015 doleo
1230 3954 1335 4015 tibi
1361 3956 1536 4029 desse,
1561 3955 1804 4037 Terenti.
