2725 4650
155 336 265 408 111,
291 338 328 393 3
921 287 935 301 ’
1090 332 1392 391 ANDRIA
2114 319 2196 383 31

437 459 717 523 Fuerent
751 457 1020 535 futurae,
1055 458 1234 522 fiant.
1323 456 1445 522 Cn.
1489 455 1621 532 Ah,
1656 478 1737 521 ne
1772 477 1875 520 me
1910 455 2197 521 ebsecra:

441 550 644 632 Quasi
679 551 800 616 hec
836 561 898 617 te
933 551 1169 616 orando
1205 574 1243 615 a
1275 574 1379 617 me
1410 553 1745 635 impetrare
1780 551 2081 634 operteat.

441 646 662 711 Alium
711 647 850 711 esse
904 666 1120 711 censes
1170 645 1339 709 nunc
1390 667 1494 710 me
1546 654 1737 728 atque
1798 643 1949 708 olim
2007 644 2201 726 quem
2234 644 2337 699 545

1113 738 1387 803 dabam?

433 828 518 897 -Si
551 831 618 896 in
651 834 844 897 remst
877 832 1128 916 utrique
1161 843 1231 897 ut
1267 832 1448 909 flant,
1486 832 1723 897 accersi
1754 830 1934 907 iube;

185 942 240 983 1⁵
445 923 579 991 Sed
613 925 666 990 si
702 928 780 989 ex
815 947 890 989 ea
922 948 992 991 re
1025 926 1170 1011 plus
1203 925 1417 988 malist
1451 945 1643 1007 quam
1678 922 1993 988 cemmodi

441 1018 732 1101 Vtrique,
768 1018 836 1083 id
869 1042 975 1104 eqo
1011 1029 1074 1084 te
1110 1039 1220 1083 oro
1253 1020 1322 1082 in
1356 1040 1691 1085 commune
1723 1029 1796 1081 ut
1830 1016 2142 1092 censulaS,

443 1109 647 1191 Quasi
680 1112 789 1175 illa
823 1123 934 1176 tua
969 1111 1048 1176 sit
1081 1110 1530 1196 Pamphilique
1566 1131 1685 1197 ego
1723 1113 1839 1175 sim
1878 1119 2075 1195 pater.

270 1202 366 1269 81.
441 1204 646 1268 Immo
681 1206 772 1269 ita
806 1206 952 1270 uolo
987 1206 1203 1289 itaque
1235 1206 1487 1290 pestulo
1520 1215 1593 1269 ut
1626 1205 1755 1280 fiet,
1793 1202 2118 1280 Chremes,
2240 1214 2342 1269 550

439 1298 669 1382 Neque
701 1299 1018 1383 pestulem
1054 1299 1168 1363 abs
1203 1308 1286 1375 te,
1331 1298 1399 1362 ni
1430 1301 1571 1383 ipsa
1602 1320 1705 1363 res
1738 1300 2009 1363 moneat.
2082 1295 2202 1361 Cn.

1120 1390 1298 1475 Quid
1333 1392 1464 1457 est?

185 1504 244 1544 20
271 1484 368 1549 81.
438 1484 581 1550 Irae
607 1496 754 1551 sunt
776 1487 940 1552 inter
959 1484 1329 1571 Glycerium
1357 1497 1420 1551 et
1444 1495 1727 1571 gnatum.
1811 1483 1931 1549 Cn.
1967 1484 2203 1549 Audio.

273 1576 369 1643 81.
439 1578 542 1642 Ita
569 1583 860 1665 magnae,
887 1589 960 1644 ut
985 1602 1232 1665 sperem
1257 1581 1448 1664 pesse
1474 1578 1681 1643 auelli.
1737 1576 1857 1643 Cn.
1892 1578 2205 1643 Febulae!

273 1671 369 1737 81.
437 1670 736 1737 Profecto
772 1674 864 1738 sic
898 1684 1010 1738 est.
1101 1671 1222 1737 Cn.
1281 1671 1391 1738 Sic
1423 1672 1635 1738 hercle
1669 1682 1740 1737 ut
1774 1672 1979 1737 dicem
2014 1672 2156 1736 tibi:

447 1766 822 1831 Amantium
857 1766 988 1831 irae
1025 1766 1254 1831 ameris
1288 1766 1701 1851 integratiost.
2244 1783 2345 1838 555

276 1858 375 1924 S1.
407 1896 412 1899 -
447 1858 594 1936 Em,
641 1860 709 1924 id
743 1871 806 1926 te
842 1863 950 1925 ero
984 1870 1058 1925 ut
1093 1869 1237 1925 ante
1273 1863 1512 1937 eemus,
1558 1859 1707 1924 dum
1742 1860 1989 1944 tempus
2024 1860 2212 1925 datur

188 1968 249 2010 25
446 1952 752 2036 Dumque
789 1956 921 2019 eius
955 1953 1174 2019 lubido
1217 1953 1529 2019 occlusast
1563 1954 1978 2030 contumeliis,
2236 1968 2238 1970 ’

448 2045 636 2111 Prius
671 2068 863 2130 quam
896 2047 1122 2112 harum
1159 2048 1397 2113 scelera
1441 2058 1505 2112 et
1544 2047 1861 2112 lecrumae
1908 2048 2209 2113 confictae

1121 2141 1280 2206 dolis

445 2232 827 2299 Reddficunt
861 2234 1142 2299 animum
1179 2234 1511 2320 aegretum
1546 2234 1629 2299 ad
1662 2234 2174 2313 misericerdiam,

446 2328 728 2394 Vxerem
763 2328 1002 2394 demuS.
1091 2331 1274 2413 spero
1311 2329 1761 2394 consuetudine
1802 2327 1918 2414 [et]
2246 2341 2347 2394 560

450 2419 764 2508 Coniugio
797 2423 1044 2487 liberali
1077 2422 1462 2499 deuinctum,
1500 2420 1828 2498 Chremes,

191 2535 247 2575 so
447 2513 620 2579 Dein
653 2515 838 2580 facile
874 2538 954 2581 ex
988 2515 1113 2580 illis
1149 2517 1286 2581 sese
1322 2517 1713 2580 emersurum
1746 2517 1948 2580 malis.

277 2606 400 2672 Cn.
447 2607 595 2671 Tibi
628 2607 716 2673 ita
751 2609 872 2674 hec
906 2609 1161 2674 uidetur
1169 2633 1188 2686 3
1223 2611 1292 2674 et
1325 2630 1448 2694 ego
1482 2631 1609 2674 non
1643 2631 1829 2694 posse
1862 2608 2151 2687 erbitror,

444 2701 674 2784 Neque
732 2702 910 2767 illum
970 2702 1136 2768 hanc
1195 2714 1502 2788 perpetuo
1566 2701 1799 2768 habere
1849 2725 2058 2787 neque
2109 2725 2211 2768 me

1126 2795 1388 2882 perpeti.
1540 2861 1543 2864 .
2326 2795 2368 2884 ⁸·

276 2886 370 2954 S1.
443 2887 574 2969 Qui
609 2891 730 2954 scis
767 2911 918 2976 ergo
952 2891 1134 2967 istuc,
1170 2891 1292 2954 nisi
1326 2889 1633 2975 periclum
1668 2889 1930 2956 feceris?
2246 2903 2347 2957 565

277 2981 401 3047 Cn.
449 2984 541 3046 At
575 2982 737 3048 istuc
769 2984 1076 3070 periclum
1108 2985 1175 3048 in
1209 2985 1343 3048 filia
1374 2983 1513 3050 fieri
1552 2994 1829 3069 grauest.

192 3094 249 3135 ³5
276 3075 370 3143 Sr.
441 3077 690 3163 Nempe
721 3079 1202 3144 incommoditas
1239 3078 1513 3161 denique
1546 3077 1672 3142 huc
1708 3080 1909 3142 omnis
1944 3076 2125 3155 redit,

453 3169 527 3236 Si
561 3171 834 3249 eueniat,
871 3173 1043 3256 quod
1075 3171 1140 3236 di
1174 3170 1569 3256 prohibeant,
1605 3172 1921 3238 discessio,

443 3265 540 3329 At
573 3267 629 3328 si
663 3266 1015 3350 corrigitur,
1050 3266 1224 3349 qued
1257 3266 1751 3343 commoditates,
1785 3266 1961 3331 uide:

447 3357 768 3443 Principio
803 3359 1005 3424 amico
1040 3359 1244 3424 fllium
1277 3359 1640 3437 restitueris,
2246 3365 2349 3419 570

450 3452 596 3516 Tibi
631 3455 938 3538 generum
969 3453 1223 3518 firmum
1259 3464 1321 3519 et
1355 3453 1527 3518 ffliae
1560 3453 1845 3518 inuenies
1878 3452 2106 3517 uirum.

190 3565 248 3605 ιο
275 3543 400 3610 Cn.
451 3542 628 3626 Quid
664 3546 844 3612 istic?
879 3547 932 3612 si
968 3547 1056 3612 ita
1092 3547 1254 3611 istuc
1289 3545 1575 3611 enimum
1610 3545 1857 3611 induxti
1884 3567 2023 3611 esse
2048 3545 2202 3610 utile

448 3639 613 3704 Nole
652 3639 766 3703 tibi
799 3640 1002 3705 ullum
1037 3641 1440 3705 cemmodum
1474 3640 1542 3704 in
1575 3662 1676 3705 me
1712 3640 2005 3704 claudier.

275 3731 370 3799 S1.
441 3731 676 3798 Merite
712 3744 775 3798 te
812 3757 1058 3820 semper
1089 3735 1371 3798 maxumi
1405 3734 1548 3811 feci,
1586 3732 1911 3799 Chremes.

277 3825 400 3892 Cn.
450 3824 583 3892 Sed
617 3829 770 3912 quid
805 3829 935 3892 ais?
1005 3827 1096 3896 81.
1136 3825 1350 3908 Quid?
1421 3826 1540 3893 Cn.
1576 3825 1712 3907 ‚Qui
1747 3831 1867 3892 scis
1903 3848 2013 3893 eos
2040 3849 2211 3894 nunc
2244 3843 2347 3898 575

1127 3921 1483 3986 discordare
1518 3921 1681 3985 inter
1715 3922 1819 3985 se?

277 4013 372 4081 81.
441 4014 628 4103 Ipsus
671 4015 827 4082 mihi
861 4015 1106 4094 Dauos,
1123 4036 1262 4174 (1ιὲ
1303 4017 1611 4080 intumust
1656 4015 1873 4082 eorum
1916 4014 2208 4096 consiliis,

1233 4108 1308 4188 .t;
