2725 4650
142 345 271 400 Prol.
712 345 1091 403 HEAVTON
1126 345 1684 402 TIMORVMENOS
2083 328 2166 396 53

873 757 1177 824 PROL
1199 758 1263 824 O
1289 757 1535 827 GVS.

958 887 1023 940 L.
1059 885 1438 940 AMBIVIVS

309 1008 411 1073 Ne
446 1010 601 1092 quoi
631 1007 713 1073 sit
747 1019 1030 1073 uostrum
1066 1010 1315 1085 mirum,
1353 1028 1514 1090 quor
1547 1008 1742 1093 partis
1777 1005 1914 1070 seni

310 1106 517 1175 Po'e'ita
552 1109 812 1186 dederit,
847 1112 1012 1194 quae
1048 1121 1194 1174 sunt
1230 1108 1749 1186 adulescentium,
1791 1139 1795 1144 ·

188 1228 211 1267 ³
311 1212 390 1276 Id
426 1214 699 1297 primum
736 1211 966 1288 dicam,
1005 1212 1231 1277 deinde
1266 1212 1440 1295 quod
1475 1211 1625 1276 ueni
1660 1211 1937 1293 eloquar.
2234 1216 2270 1270 3

169 1332 211 1370 11
314 1311 655 1379 Oratorem
690 1337 827 1378 esse
862 1315 1066 1379 udluit
1099 1338 1219 1390 me,
1252 1337 1381 1378 non
1417 1313 1780 1400 prdlogum:
2198 1319 2264 1372 11

312 1418 617 1483 Vostrum
651 1417 953 1482 iudicium
989 1416 1159 1494 fecit,
1194 1439 1297 1482 me
1332 1419 1610 1482 actorem
1645 1415 1838 1492 dedit,

316 1517 391 1583 Si
424 1519 529 1583 hic
564 1521 740 1583 actor
774 1529 1032 1583 tantum·
1054 1519 1285 1605 peterit
1320 1542 1359 1583 a
1392 1518 1712 1595 facundia,

314 1619 645 1702 Quantum
676 1621 783 1686 ille
817 1622 1022 1707 potuit
1056 1622 1337 1707 edgitare
1374 1621 1721 1696 cdmmode,

171 1741 215 1780 15
314 1723 445 1805 Qui
480 1725 827 1790 orationem
864 1724 1027 1790 hanc
1062 1725 1329 1812 scripsit,
1366 1746 1560 1809 quam
1597 1725 1875 1789 dicturus
1912 1747 2072 1788 sum.
2202 1731 2271 1784 15

192 1845 216 1883 4
314 1827 419 1892 Ex
452 1830 705 1913 integra
740 1826 991 1893 Graeca
1022 1831 1335 1915 integram
1372 1828 1761 1893 comoediam
2233 1832 2272 1886 4

311 1930 525 1995 Hodie
564 1953 703 1995 sum
740 1941 994 1995 acturus
1031 1933 1335 1996 Heauton
1369 1931 1859 1996 timorumenon:

194 2049 215 2087 6
314 2031 611 2118 [Duplex
644 2055 807 2117 quae
843 2056 923 2098 ex
961 2046 1334 2119 argumento
1371 2034 1540 2099 facta
1574 2045 1670 2099 est
1705 2031 2016 2118 simplici]
2233 2037 2267 2091 6

396 2144 432 2179 ¹}
688 2145 725 2181 fl
979 2144 1015 2179 ’ἢ
1270 2146 1306 2181 ¹}
1559 2145 1596 2181 ὓ
1851 2145 1888 2181 ὓ

175 2253 217 2292 1⁶
311 2237 483 2302 Nam
516 2238 689 2323 qudd
724 2260 1008 2304 rumores
1044 2239 1423 2304 distulerunt
1455 2239 1756 2316 maliuoli,
2202 2241 2268 2296 16

311 2342 557 2407 Multas
594 2343 1053 2408 contaminasse
1091 2340 1394 2421 Graecas,
1429 2344 1583 2407 dum
1616 2343 1769 2408 facit

312 2445 565 2510 Paucas
600 2444 895 2510 Latinas:
929 2446 998 2510 id
1034 2469 1172 2512 esse
1207 2446 1450 2512 factum
1483 2446 1586 2512 hic
1619 2448 1750 2511 ndu
1784 2458 1997 2536 negat,

321 2547 549 2631 Neque
586 2550 655 2613 se
689 2550 909 2635 pigere
946 2560 1007 2613 et
1041 2549 1268 2613 deinde
1304 2550 1619 2615 facturum
1655 2551 1956 2614 autumat.

556 2738 896 2822 Vulyatus
940 2741 1115 2802 ordo
1158 2761 1484 2803 versuum
1527 2738 1645 2818 (ed.
1689 2738 1844 2821 FZ.):

401 2861 457 2917 N
459 2859 625 2930 equoi
647 2862 719 2915 sit
740 2866 987 2916 uostrum
1006 2860 1221 2933 mirum,
1246 2880 1384 2933 quor
1404 2860 1580 2934 part-is
1602 2863 1720 2917 seni

400 2938 579 3003 Po‘t'ita
600 2948 831 3018 dederit,
858 2946 1001 3017 quae
1024 2954 1150 3002 sunt
1174 2946 1628 3003 adulescentiumt

400 3031 467 3085 Id
489 3030 729 3103 primum
753 3033 951 3103 dicam,
976 3030 1178 3088 deinde
1202 3035 1350 3105 quod
1371 3035 1504 3088 ueni
1526 3031 1767 3105 dloquar.

402 3117 486 3171 Ex
508 3115 731 3189 integra
754 3116 973 3173 Graeca
994 3118 1270 3191 integram
1293 3117 1632 3175 comoediam

206 3212 227 3252 5
406 3201 591 3258 Hodie
616 3222 735 3258 sum
759 3211 981 3259 acturus
1003 3201 1262 3260 Heauton
1284 3202 1700 3261 timorumenon.
1900 3243 1906 3249 „
2237 3203 2272 3258 5

403 3288 649 3361 [Duplex
672 3306 816 3361 quae
842 3307 907 3344 ex
931 3296 1253 3362 argumento
1278 3292 1429 3345 facta
1453 3298 1538 3345 est
1559 3292 1837 3364 simplici]

404 3376 621 3431 Nouam
644 3372 764 3429 esse
788 3376 1005 3430 ostendi
1030 3381 1085 3430 et
1108 3393 1249 3447 quae
1275 3374 1444 3431 esset:
1469 3394 1613 3450 nunc
1633 3377 1728 3449 qui
1750 3376 2034 3449 scripserit

404 3460 478 3514 Et
500 3458 669 3531 qudia
693 3458 921 3515 Graeca
934 3458 1024 3531 sit,
1048 3461 1107 3515 ni
1130 3467 1345 3532 partem
1369 3460 1679 3516 maxumam

402 3544 803 3601 Existumarem
826 3544 967 3602 scire
994 3553 1253 3616 nostrum,
1276 3548 1337 3601 id
1362 3545 1618 3603 dicerem.

190 3638 231 3678 10
404 3630 567 3687 Nunc
590 3647 757 3701 quam
781 3630 971 3687 ‹ibi-em
994 3632 1094 3685 has
1116 3632 1292 3702 partis
1318 3629 1606 3686 didicerim
1629 3630 1821 3703 paucis
1845 3634 2008 3689 dabo,
2205 3637 2272 3691 10

406 3714 696 3771 Οτὲιοτεω
720 3732 839 3771 esse
860 3714 1039 3773 udluit
1059 3734 1164 3788 me,
1189 3733 1299 3771 non
1320 3716 1634 3788 prdlogum:

405 3797 665 3855 Vostrum
690 3802 956 3856 iudicium
979 3800 1139 3857 fecit:
1164 3820 1251 3857 me
1276 3800 1518 3857 actorem
1541 3803 1712 3872 dedit,

407 3884 467 3941 Si
484 3886 577 3940 hic
600 3883 755 3940 detor
776 3892 991 3941 tantum
1011 3885 1215 3957 pdterit
1238 3904 1274 3941 a
1296 3884 1576 3956 facundia,

412 3972 688 4037 Quantum
710 3970 805 4027 ille
829 3974 1009 4043 potuit
1033 3972 1277 4045 edgitare
1304 3972 1605 4044 cdmmode‚

200 4064 241 4103 15
410 4057 515 4121 Qui
539 4056 843 4112 orationem
866 4059 1009 4113 hanc
1032 4057 1271 4129 scripsit,
1297 4075 1465 4129 quam
1490 4058 1736 4117 dicttirus
1761 4080 1896 4117 sum.
1990 4085 1994 4090 ·
2207 4062 2274 4121 15

411 4144 553 4201 Nam
576 4141 725 4219 qudd
745 4161 989 4201 rumores
1012 4142 1341 4203 distulerunt
1361 4144 1608 4203 maliuoli
1629 4166 1683 4223 q.
1710 4167 1754 4204 s.
