2725 4650
118 340 168 411 v,
187 342 231 397 1.
255 343 292 398 2
945 340 1358 399 -EVNVOHVS
1990 324 2116 392 137

356 464 528 531 Νιιιιι
575 464 645 531 id
695 465 1002 531 Idorumat
1053 464 1274 551 uirgo?
1349 463 1469 529 ΡΥ.
1524 464 1604 529 Id
1654 465 1895 551 opinor.
1994 463 2115 526 Τιι.

1027 556 1205 643 Quid
1238 566 1352 635 a’is,
1392 558 1738 644 sacrilega?

357 654 634 719 Istucine
666 653 1068 720 interminata
1102 676 1245 718 sum
1278 652 1427 718 hino
1462 653 1682 718 abiens
1716 652 1869 718 tibi?
2150 655 2253 711 830

137 765 176 805 15
191 748 306 813 ΡΥ.
359 748 534 829 Quid
566 748 879 813 facerem?
911 748 1000 811 ita
1031 757 1104 811 ut
1137 756 1208 811 tu
1241 746 1413 823 iusti,
1450 746 1565 812 soli
1599 745 1915 812 ereditast.

193 842 308 906 ΤΗ.
355 841 658 919 Scelesta,
693 864 879 907 ouem
913 841 1065 925 lupo
1100 840 1484 906 commisisti.
1556 840 1848 926 dispudet

359 934 468 1001 Sie
518 936 672 1001 mihi
731 934 881 1000 data
931 956 1068 1000 esse
1129 934 1346 1000 uerba.
1418 934 1574 1018 quid
1631 934 1789 1000 illud
1847 932 2116 999 hominis

1027 1028 1158 1093 est?

193 1122 303 1191 ΡΥ.
355 1122 487 1189 Era
519 1123 682 1199 mea,
717 1131 858 1188 tace
892 1132 1032 1188 taee
1067 1122 1349 1199 obsecro,
1388 1122 1603 1187 saluae
1638 1144 1884 1187 eumue.

317 1218 684 1282 Habemus
719 1215 1088 1282 hominem‘
1069 1238 1296 1303 ipsum.
1384 1216 1507 1281 Tu.
1540 1197 1761 1281 Vbiis
1796 1216 1932 1280 est?
1998 1214 2112 1279 ΡΥ.
2150 1224 2253 1280 835

1025 1308 1151 1374 Em
1186 1309 1271 1374 ad
1304 1310 1669 1375 sinisteram.

133 1420 175 1462 ²0
350 1405 598 1471 Viden?
666 1404 788 1469 Tu.
823 1404 1050 1471 Viden.
1135 1403 1255 1469 ΡΥ.
1295 1401 1666 1490 Conprendi
1698 1404 1869 1496 iube,
1914 1425 2115 1488 quan-

1024 1498 1160 1562 tum
1193 1507 1419 1582 potest.

195 1592 305 1657 ΤΗ.
350 1592 524 1673 Quid
590 1590 696 1657 illd
765 1591 1096 1669 faciemus,
1167 1592 1396 1656 stulta?
1480 1591 1598 1657 ΡΥ.
1626 1602 1632 1607 ’
1662 1589 1836 1673 Quid
1898 1591 2112 1669 facias,

349 1780 516 1847 Vide
585 1780 839 1858 amab0‚
908 1780 963 1845 si
1024 1686 1450 1938 ξιῒιῖιῗεῖᾳιιοιιι
1520 1779 1817 1865 aspicias,
1888 1801 1959 1845 os
2016 1781 2115 1845 in-

1023 1896 1113 1959 pu
1157 1894 1268 1939 ens

348 1966 643 2033 Videtur!
687 1988 815 2031 non
851 1968 980 2031 est?
1027 1964 1222 2053 [tum]
1259 1987 1423 2051 quae
1467 1967 1603 2033 eius
1648 1966 2108 2033 confidentiast!

491 2221 891 2289 ΟιιΑιιιιιιΑ
1019 2222 1283 2287 Tuus
1411 2222 1789 2289 Pru-nus

489 2338 874 2384 Anvnnsonns
989 2340 1292 2382 mnam
1462 2339 1721 2384 Auem

109 2453 183 2502 Η
201 2435 302 2502 Cn.
339 2438 539 2524 Apud
572 2418 1005 2523 Antiphonem
1038 2439 1325 2520 uterque,
1361 2447 1563 2503 mater
1595 2439 1659 2503 et
1692 2446 1889 2523 pater,
2142 2445 2247 2500 840

345 2530 552 2614 Quasi
587 2530 800 2595 dedita
833 2552 1026 2615 opera
1061 2530 1228 2594 domi
1263 2541 1460 2608 erant,
1496 2541 1569 2595 ut
1602 2530 1774 2595 nullo
1810 2528 1999 2594 modo

343 2626 522 2691 Intro
556 2627 648 2690 ire
682 2647 953 2709 possem,
989 2627 1141 2708 quin
1175 2623 1466 2689 uiderent
1500 2647 1621 2689 me.
1688 2623 1941 2689 interim

342 2719 524 2784 Dum
559 2728 704 2784 ante
739 2719 968 2783 ostium
1003 2729 1120 2795 sto,
1154 2719 1338 2782 notus
1375 2718 1528 2783 mihi
1562 2718 1818 2801 quidam
1852 2715 2104 2781 obuiam

151 2829 173 2868 ⁵
343 2814 556 2880 Venit.
623 2812 736 2878 ubi
769 2811 922 2890 uidi,
969 2834 1090 2896 ego
1125 2834 1227 2877 me
1258 2813 1328 2875 in
1369 2811 1564 2896 pedes
1599 2812 1906 2895 quantum
1939 2831 2103 2894 queo

341 2908 421 2972 In
455 2906 860 2992 angiportum
895 2904 1211 2989 quoddam
1248 2897 1585 2982 desertum,
1619 2905 1768 2970 inde
1802 2905 1951 2970 item
2138 2903 2241 2959 845

345 3002 423 3066 In
457 3001 652 3076 aliud,
689 2999 836 3064 inde
869 2999 934 3062 in
967 2999 1167 3063 aliud:
1203 2999 1292 3063 ita
1324 2999 1733 3064 miser-tumus

343 3096 468 3160 Fui
501 3093 856 3180 fugitando,
891 3095 972 3157 ιιέ
1008 3091 1149 3177 quis
1183 3115 1287 3158 me
1321 3094 1749 3179 cognosceret.

347 3188 480 3254 Sed
505 3191 682 3253 estne
706 3188 863 3252 haec
889 3184 1107 3263 Thais,
1134 3189 1326 3270 quam
1351 3187 1575 3251 uideo?
1608 3187 1823 3276 ipsast.
1877 3185 2105 3252 haereo

137 3296 176 3333 1⁰
345 3281 523 3364 Quid
557 3281 806 3347 faciam.
860 3280 1016 3365 quid
1046 3303 1190 3345 mea
1224 3280 1472 3346 autem?
1515 3281 1670 3366 quid
1702 3279 1892 3347 faciet
1914 3281 2106 3345 mihi?

197 3372 297 3440 ΤΗ.
343 3378 694 3442 AdeamuS.
764 3376 928 3440 bone
961 3375 1060 3439 uir
1093 3375 1289 3452 Dore,
1325 3375 1529 3441 salue.
1576 3375 1677 3440 die
1711 3375 1885 3452 mihi,
2139 3383 2242 3437 850

345 3469 757 3555 Auffigistin?
826 3467 945 3534 Cn.
981 3468 1132 3546 Era,
1166 3467 1427 3534 factum.
1488 3468 1607 3533 Tn.
1647 3467 1865 3534 Satine
1893 3469 1960 3533 id
1993 3468 2108 3533 tibi

1022 3563 1265 3647 placet?

201 3651 1035 3723 On.Non.T11.Credinte
1061 3657 1297 3740 inpune
1323 3654 1722 3720 habiturum?
1757 3652 1877 3720 Cn.
1896 3656 2110 3723 Vnam

1023 3750 1188 3815 hane
1221 3750 1477 3815 noxiam

357 3845 622 3910 Amitte.
659 3844 714 3908 si
748 3844 937 3909 aliam
971 3844 1280 3908 admisero
1314 3863 1637 3926 umquam,
1672 3842 1956 3909 oeeiditO.

140 3944 190 3982 ¹⁵
210 3929 312 3997 ΤΗ.
355 3936 520 4002 Νιιιιι
551 3939 758 4002 meam
795 3937 1126 4003 saeuitiam
1157 3936 1395 4001 ueritus
1431 3936 1537 4002 es?
1594 3934 1714 4003 Cn.
1749 3936 1918 4002 Non.
1988 3938 2107 4010 ΤΗ,

1027 4030 1201 4112 Quid
1237 4030 1468 4116 igitur?

209 4113 314 4183 Cn.
355 4123 537 4194 Hanc
572 4124 772 4190 metui
804 4147 884 4191 ne
921 4148 1021 4192 me
1056 4123 1491 4191 criminaretur
1523 4123 1655 4190 tibi.
2146 4130 2249 4186 855
