2725 4650
528 307 652 375 198
1341 317 1655 373 HECYRA
2332 319 2475 378 Ptol.
2501 318 2554 379 II
2671 411 2672 414 Ἴ

526 443 720 527 Quod
753 443 806 508 si
841 441 1213 528 scripturam
1249 441 1631 529 spreuissem
1663 443 1731 507 in
1763 441 2123 527 praesentia

421 562 491 618 25
523 545 613 612 Et
645 547 714 611 in
748 545 1118 612 deterrendo
1151 545 1497 611 udluissem
1532 567 1791 631 operam
1824 547 2092 622 sumere,

526 651 618 717 Vt
650 649 718 713 in
751 649 880 714 otio
916 659 1081 714 esset
1113 648 1321 733 potius
1357 670 1551 732 quam
1583 648 1651 712 in
1684 647 1966 733 negotio:

526 751 992 816 Deterruissem
1027 750 1234 828 facile,
1269 773 1350 816 ne
1386 750 1541 816 alias
1576 750 1895 815 scriberet.

521 852 712 919 Nunc
745 854 900 938 qu1d
933 863 1164 938 petam,
1200 843 1342 918 mea
1378 853 1571 918 causa
1606 873 1808 937 aequo
1844 853 2054 917 animo
2090 852 2415 918 attendite.
2482 871 2533 909 ὀ

524 956 848 1040 Hecyram
879 955 964 1020 ad
997 977 1114 1020 uos
1148 955 1377 1034 refero,
1412 957 1609 1039 quam
1641 955 1795 1019 mihi
1826 977 1941 1040 per
1974 955 2299 1020 silentium

422 1074 492 1130 30
522 1056 892 1142 Numquam
917 1059 1110 1142 Agere
1135 1057 1464 1124 licitumst:
1490 1060 1581 1124 ita
1606 1081 1747 1123 eam
1774 1058 2084 1144 oppressit
2111 1057 2453 1124 calamitas·

524 1160 690 1225 Eam
725 1160 1144 1226 calamitatem
1174 1162 1393 1226 uostra
1422 1160 1853 1247 intellegentia

526 1260 810 1338 Sedabit,
846 1263 900 1327 si
935 1262 1052 1327 erit
1083 1262 1356 1328 adiutrix
1389 1273 1642 1329 nostrae
1676 1263 2037 1328 industriae.

524 1363 742 1447 Quom
773 1367 1047 1450 primum
1081 1387 1224 1431 eam
1259 1387 1450 1450 agere
1485 1365 1686 1450 coepi,
1722 1365 2012 1451 pugilum
2048 1365 2267 1452 gloria,
2478 1382 2530 1424 2⁵

524 1465 942 1553 [Funambuli
977 1466 1200 1533 eodem
1233 1467 1500 1534 accessit
1535 1464 1917 1554 expectatio]

419 1585 489 1640 35
524 1568 844 1636 Comitum
881 1581 1253 1647 conuentuS,
1289 1570 1609 1655 strepituS,
1646 1570 1881 1634 clamor
1915 1570 2251 1636 mulierum

521 1672 760 1736 Fecere
791 1683 866 1737 ut
898 1682 1045 1738 ante
1077 1674 1326 1758 tempus
1362 1671 1599 1739 exirem
1634 1672 1823 1738 forae.

522 1773 756 1840 Vetere
787 1776 857 1838 in
890 1796 1063 1840 noua
1095 1775 1277 1859 coepi
1309 1775 1405 1838 uti
1440 1774 1914 1851 consuetudine,

520 1875 600 1940 In
634 1876 1023 1960 experiundo
1055 1885 1128 1941 ut
1161 1878 1395 1942 essem:
1430 1876 1637 1942 refero
1672 1877 1897 1940 denuc.
2483 1897 2531 1937 so

517 1978 735 2043 Primo
769 1981 917 2044 Actu
951 1979 1190 2065 placeo.
1259 2000 1455 2062 quom
1488 1981 1727 2044 interea
1760 1980 1975 2044 rumor
2008 1977 2187 2044 uenit

417 2095 487 2152 40
519 2081 763 2146 Datum
797 2082 876 2145 iri
909 2082 1307 2170 gladiatorem
1341 2083 1614 2168 populus
1652 2082 1958 2158 conuolat,

519 2184 1015 2249 Tumultuantur
1047 2186 1321 2249 clamant
1353 2194 1645 2270 pugnant
1676 2185 1755 2248 de
1788 2185 1956 2248 loco:

520 2286 665 2373 Ego
699 2287 940 2354 interea
971 2310 1187 2354 meum
1218 2311 1346 2353 non
1382 2287 1558 2373 potui
1590 2289 1780 2352 tutari
1810 2287 2038 2352 locum.

517 2389 709 2456 Nunc
744 2392 930 2456 turba
961 2412 1092 2463 non
1125 2401 1246 2457 est:
1284 2391 1486 2457 otium
1519 2400 1584 2456 et
1618 2390 2020 2455 silentiumst:
2486 2409 2535 2451 85

517 2494 778 2580 Agendi
812 2505 1062 2580 tempus
1097 2494 1251 2559 mihi
1287 2495 1593 2570 datumst3
1630 2494 1811 2558 uobis
1846 2493 2030 2557 datur

413 2609 484 2665 45
516 2597 809 2661 Potestas
844 2597 1304 2662 condecorandi
1337 2598 1520 2662 ludos
1558 2596 1897 2661 scaenicos·

516 2699 731 2764 Nolite
767 2699 972 2765 sinere
1005 2702 1120 2785 per
1153 2722 1268 2764 uos
1305 2710 1506 2764 artem
1538 2698 1846 2763 musicam

516 2801 824 2867 Recidere
860 2801 943 2866 ad
973 2824 1240 2886 paucos:
1276 2800 1465 2866 facite
1498 2811 1573 2865 ut
1605 2811 1820 2865 nostra
1854 2798 2193 2865 auctoritas

512 2904 707 2969 Meae
743 2903 1098 2968 auctoritati
1131 2904 1369 2969 fautrix
1404 2904 1802 2988 adiutrixque
1837 2903 1935 2967 sit.
2486 2923 2536 2963 ιο

519 3004 624 3092 [Si
657 3028 1002 3090 numquam
1039 3028 1229 3071 auare
1265 3006 1537 3092 pretium
1573 3006 1763 3071 statui
1806 3006 1925 3071 arti
1957 3028 2137 3070 meae

413 3121 482 3175 50
515 3108 602 3174 Et
637 3131 784 3174 eum
819 3131 956 3174 esse
990 3121 1323 3192 quaestum
1356 3109 1425 3174 in
1461 3110 1741 3175 animum
1772 3108 1996 3173 induxi
2028 3130 2432 3189 maxumum,

517 3212 731 3293 Quam
764 3234 1059 3276 maxume
1096 3212 1330 3277 seruire
1366 3212 1595 3276 uostris
1631 3208 2032 3296 commodisz]

517 3312 721 3379 Sinite
753 3310 1090 3399 impetrare
1124 3316 1247 3390 me,
1282 3314 1395 3397 qui
1425 3313 1493 3377 in
1526 3313 1813 3378 tutellam
1846 3335 2055 3378 meam

516 3415 815 3482 Studium
850 3438 1032 3480 suom
1067 3426 1130 3480 et
1163 3438 1232 3480 se
1264 3416 1333 3479 in
1365 3417 1649 3480 nostram
1684 3414 2243 3495 commisitfidem,
2482 3436 2537 3477 45

513 3518 614 3584 Ne
649 3540 795 3583 eum
831 3519 1332 3583 circumuentum
1367 3518 1581 3601 inique
1617 3517 1814 3603 iniqui
1846 3518 2181 3583 inrideant.

412 3632 480 3687 55
514 3622 668 3686 Mea
703 3622 896 3685 causa
930 3641 1189 3684 causam
1225 3620 1491 3705 accipite
1526 3631 1589 3684 et
1626 3620 1772 3685 date
1808 3620 2145 3699 silentium,

512 3722 604 3788 Vt
637 3722 854 3786 lubeat
889 3722 1161 3787 scribere
1197 3722 1334 3785 aliis
1369 3721 1647 3804 mihique
1685 3732 1757 3786 ut
1790 3722 2029 3787 discere

510 3823 726 3890 Nouae
763 3822 1056 3908 expediat
1091 3824 1353 3909 posthac
1388 3822 1591 3909 pretio
1626 3826 1869 3908 emptas
1903 3846 2065 3889 meo.
