2725 4650
154 319 297 378 Ptol.
1015 319 1426 394 Evuveuvs
2059 309 2180 378 101

879 1103 1540 1206 rsonoevs

333 1356 407 1424 Si
441 1359 857 1442 quisquamst,
890 1359 1003 1444 qui
1035 1359 1287 1445 placere
1320 1381 1392 1425 se
1425 1358 1678 1426 studeat
1709 1359 1896 1427 bonis

328 1459 547 1543 Quam
579 1460 863 1548 plurimis
900 1471 962 1526 et
996 1463 1275 1528 minume
1310 1462 1541 1528 multos
1575 1463 1852 1542 laedere,

325 1563 408 1628 In
442 1562 541 1628 his
574 1569 761 1649 posta
792 1563 898 1629 hic
930 1565 1162 1631 nemen
1196 1564 1526 1650 profitetur
1559 1587 1761 1630 suom.

326 1667 500 1746 Tum
533 1669 589 1731 si
618 1665 761 1752 quis
798 1676 912 1743 est,
947 1667 1059 1752 qui
1092 1666 1329 1732 dictum
1363 1667 1431 1732 in
1467 1683 1534 1732 se
1567 1653 2008 1734 inclementius

64 1845 66 1850 .
197 1787 222 1827 5
324 1768 760 1834 Existumauit
794 1771 953 1847 esse,
990 1769 1082 1835 sic
1116 1771 1470 1847 existumet,
2241 1771 2278 1828 5

322 1873 747 1958 Respdnsum,
782 1892 909 1936 non
944 1871 1182 1938 dictum
1216 1874 1376 1949 esse,
1411 1872 1564 1957 quia
1594 1873 1776 1938 laesit
1807 1872 1999 1960 prior,

327 1974 461 2057 Qui
495 1975 659 2039 bene
694 1972 1004 2040 uortenda
1040 1985 1104 2038 et
1138 1973 1393 2039 easdem
1427 1974 1761 2046 scribendd
1796 1976 1964 2042 male

325 2077 432 2142 Ex
469 2075 730 2144 Graecis
763 2077 949 2141 bonis
982 2076 1246 2140 Latinas
1282 2075 1434 2141 fecit
1465 2078 1593 2142 ndn
1627 2076 1844 2144 bonas.

324 2179 510 2245 Idem
542 2178 887 2244 Menandri
918 2178 1202 2243 Phasma
1236 2175 1468 2265 [nunc]
1503 2201 1708 2264 nuper
1729 2181 2010 2267 perdidit

174 2300 221 2343 10
323 2283 543 2368 Atque
574 2286 642 2348 in
676 2281 1049 2348 Thensauro
1084 2281 1353 2368 scripsit,
1391 2303 1648 2353 causam
1683 2281 1891 2351 dicere
2207 2292 2276 2348 10

322 2385 515 2451 Prius
548 2386 719 2452 unde
750 2386 1003 2471 petitur,
1041 2386 1265 2449 aurum
1300 2405 1431 2468 qua
1462 2407 1531 2451 re
1568 2387 1648 2449 sit
1682 2406 1883 2465 suom,

325 2486 542 2572 Quam
574 2488 703 2553 illic
736 2488 845 2571 qui
880 2487 1057 2574 petit,
1093 2487 1263 2552 unde
1295 2489 1351 2551 is
1387 2488 1469 2551 sit
1503 2486 1878 2554 thensaurus
1913 2490 2034 2554 sibi

324 2593 463 2657 Aut
494 2590 666 2657 unde
700 2590 768 2655 in
800 2590 1075 2675 patrium
1108 2591 1590 2655 menumentum
1623 2592 1998 2676 peruenerit.

322 2692 579 2760 Dehinc
610 2695 693 2759 ne
725 2692 1063 2757 frustretur
1092 2694 1231 2779 ipse
1266 2714 1335 2757 se
1371 2703 1482 2757 aut
1514 2692 1606 2757 sic
1642 2693 1878 2779 cdgitet

178 2814 223 2854 1⁵
326 2796 714 2862 ‘Defunctus
748 2796 876 2859 iam
912 2816 1073 2873 sum,
1108 2794 1198 2859 nil
1232 2806 1329 2861 est
1361 2794 1536 2878 quod
1569 2794 1738 2860 dicat
1771 2794 1952 2863 mihi’
1965 2822 1984 2863 ε
2203 2798 2274 2854 15

320 2899 389 2965 Is
422 2921 505 2965 ne
540 2900 705 2963 erret
739 2919 968 2963 moneo
1002 2907 1066 2963 et
1101 2895 1347 2962 desinat
1380 2898 1705 2963 lacessere.

321 3001 554 3067 Habeo
588 3001 714 3065 alia
747 3000 964 3077 multa,
1001 3001 1164 3084 quae
1197 3021 1370 3064 nunc
1405 2999 1882 3077 condonabitur,

321 3104 511 3187 Quae
545 3101 944 3188 preferentur
976 3103 1143 3188 pest,
1178 3102 1234 3167 si
1266 3112 1490 3188 perget
1522 3102 1794 3180 laedere,

318 3208 422 3273 Ita
456 3215 529 3270 ut
563 3205 773 3271 facere
806 3204 1090 3270 instituit.
1160 3206 1353 3288 quam
1388 3226 1557 3271 nunc
1593 3208 1795 3271 acturi
1826 3229 2042 3272 sumus

178 3328 222 3368 20
317 3300 663 3375 Menandri
695 3306 1102 3385 Eunuchum,
1136 3307 1475 3393 pestquam
1507 3307 1744 3375 aediles
1778 3310 2084 3387 emerunt,
2199 3313 2282 3369 20²

316 3410 601 3479 Perfecit
634 3409 757 3475 sibi
790 3420 861 3476 ut
891 3407 1273 3495 inspiciundi
1307 3420 1470 3475 esset
1505 3410 1703 3495 cdpia.

316 3514 739 3601 Magistratus
773 3533 968 3597 quom
1002 3512 1091 3578 ibi
1126 3511 1395 3590 adesset,
1433 3514 1753 3596 occeptast
1787 3512 1912 3601 agi.

318 3616 658 3681 Exclamat
690 3615 917 3693 furem,
954 3616 1083 3680 ndn
1115 3619 1368 3700 poetam
1402 3613 1686 3678 fabulam

316 3717 595 3783 Dedisse
631 3728 694 3782 et
725 3718 818 3783 nil
852 3717 1101 3783 dedisse
1135 3716 1474 3798 uerborum
1509 3725 1749 3781 tamen:

181 3835 223 3877 25
323 3818 623 3886 Colacem
660 3822 797 3885 esse
829 3819 1039 3885 Naeui
1072 3830 1136 3885 et
1167 3818 1405 3896 Plauti,
1452 3827 1731 3883 ueterem
1766 3818 2078 3899 fabulam3
2197 3828 2266 3883 25

320 3921 593 3988 Parasiti
626 3944 962 4007 personam
995 3922 1141 3987 inde
1178 3920 1453 3986 ablatam
1489 3932 1553 3986 et
1584 3921 1817 3986 militis.

324 4024 397 4091 Si
429 4023 496 4089 id
530 4025 627 4089 est
661 4034 1013 4110 peccatum,
1047 4025 1380 4109 peccatum
1411 4023 1870 4109 inprudentiast

321 4124 583 4205 Poetae,
617 4148 745 4192 non
780 4147 907 4215 quo
942 4126 1181 4193 furtum
1215 4126 1426 4191 facere
1460 4125 1785 4193 studuerit.
