2725 4650
171 333 332 394 Prol.
357 333 404 392 Ι.
428 331 487 390 11
1089 326 1404 390 HEOYRA
2093 311 2213 382 197

849 829 1637 915 ΡΒοιοονεα)

285 990 639 1075 Hecyraost
672 986 822 1052 huic
854 1008 1086 1051 nomen
1120 986 1395 1050 fabulae.
1474 985 1731 1070 Hecyra
1774 983 1964 1067 quom
2007 981 2215 1046 datast

282 1092 487 1169 Noua,
523 1094 580 1155 el
609 1110 845 1155 nouom
877 1088 1216 1153 interuenit
1250 1088 1476 1152 uitium
1512 1096 1575 1151 et
1608 1086 1950 1162 calamitas,

283 1194 375 1260 Vt
406 1195 614 1276 noque
649 1191 920 1277 spectari
953 1193 1160 1274 noque
1195 1189 1493 1276 cognosci
1527 1188 1829 1274 potuerit:

279 1295 382 1361 Ita
415 1297 684 1382 populus
722 1294 931 1359 studio
968 1293 1254 1379 stupidus
1288 1294 1356 1357 in
1391 1291 1761 1357 funambulo

228 1416 256 1458 5
281 1398 592 1464 Animum
626 1399 983 1482 occuparat.
1053 1397 1222 1462 nunc
1256 1396 1415 1460 haec
1448 1394 1697 1479 planest
1730 1396 1844 1480 pro
1879 1413 2068 1470 noua,
2280 1386 2316 1442 5

281 1499 370 1566 Et
403 1503 458 1565 is
494 1499 605 1584 qui
638 1499 890 1583 scripsit
923 1498 1088 1563 hanc
1123 1499 1207 1562 ob
1242 1521 1383 1563 eam
1417 1518 1553 1562 rem
1586 1496 1780 1560 noluit

281 1603 520 1670 Iterum
556 1601 810 1679 referre,
848 1611 920 1665 ut
950 1603 1180 1666 iterum
1216 1610 1429 1685 posset
1464 1599 1757 1664 uondere.

279 1704 321 1741 ἢ
573 1705 608 1740 *-
864 1703 899 1738 ¹*
1155 1703 1192 1740 ⁴}
1446 1700 1484 1737 ὓ
1736 1700 1774 1737 ⁴·

193 1810 250 1852 '1-
283 1791 537 1856 Nouam
571 1791 708 1856 osse
743 1788 988 1854 ostendi
1023 1798 1086 1854 et
1121 1809 1284 1872 quae
1320 1789 1515 1852 osset:
1550 1808 1720 1852 nunc
1754 1785 1866 1870 qui
1898 1780 2213 1870 scripserit

193 1912 252 1954 ’τι
286 1893 375 1958 Ει
414 1893 600 1977 quoia
638 1890 888 1958 Graeca
922 1894 1021 1968 sit,
1057 1891 1124 1954 ni
1157 1900 1402 1976 partem
1436 1893 1801 1954 maxumam

161 2014 249 2094 ,τε
285 1995 756 2061 Existumarem
791 1995 952 2060 scire
988 2005 1292 2070 nostrum,
1328 1992 1398 2056 id
1432 1992 1721 2058 dicerem.

280 2100 315 2135 ἦ
571 2097 606 2132 *
862 2096 897 2131 ἦ
1154 2095 1189 2130 3·
1446 2095 1483 2132 ἓ
1738 2094 1775 2131 ⁴}

227 2202 255 2243 ε
281 2183 462 2248 Alias
499 2182 816 2267 cognostis
853 2181 1018 2246 oius:
1057 2201 1292 2265 quaeso
1327 2181 1493 2246 hanc
1526 2179 1788 2245 noscite.

824 2416 1653 2503 Pnonoevsan

911 2569 982 2625 L.
1016 2568 1392 2627 AMBIVIVS

281 2683 520 2752 Orator
552 2686 634 2750 ad
667 2707 783 2751 uos
819 2685 1007 2751 uenio
1043 2695 1271 2749 ornatu
1303 2684 1574 2771 prologi:

280 2788 485 2855 Sinite
520 2791 810 2853 exorator
844 2788 986 2865 sim,
1023 2787 1246 2853 eodem
1283 2798 1355 2851 ut
1387 2788 1523 2853 iure
1559 2788 1653 2852 uti
1687 2809 1902 2853 senem
2247 2790 2317 2845 10

281 2892 526 2969 Liceat,
563 2912 688 2975 quo
723 2891 860 2956 iure
897 2913 1039 2955 sum
1071 2892 1226 2955 usus
1262 2890 1743 2967 adulescentior,

280 2995 495 3060 Nouos
531 2992 642 3077 qui
676 3003 930 3059 exactas
965 2992 1090 3059 foci
1126 3004 1198 3057 ut
1230 2994 1781 3072 inueterascerent,

227 3116 255 3158 5
279 3098 380 3163 Ne
414 3097 560 3161 cum
594 3102 784 3181 poeta
819 3097 1128 3181 scriptura
1164 3098 1587 3162 euanesceret.

275 3200 356 3264 In
392 3200 502 3275 ets,
539 3219 698 3281 quas
731 3198 1008 3283 primum
1044 3194 1287 3264 Caocili
1321 3198 1513 3262 didici
1547 3220 1768 3275 nouas,

274 3302 518 3367 Partim
552 3322 696 3365 sum
730 3322 950 3366 earum
984 3303 1263 3379 exactus,
1299 3302 1531 3385 partim
1564 3302 1675 3367 uix
1709 3301 1871 3367 steti.
2246 3304 2313 3364 15

280 3403 450 3486 Quia
483 3403 723 3467 scibam
758 3403 1018 3467 dubiam
1050 3403 1371 3469 fortunam
1406 3427 1544 3470 esse
1579 3404 1953 3482 scaenicam,

280 3505 412 3592 Spe
445 3506 686 3571 incerta
719 3516 963 3570 certum
994 3505 1150 3569 mihi
1185 3507 1467 3571 laborem
1500 3507 1743 3583 sustuli,

199 3629 250 3669 10
277 3608 556 3674 Easdem
589 3611 781 3695 agere
817 3606 1015 3694 coepi,
1053 3618 1125 3672 ut
1158 3609 1242 3673 ab
1278 3608 1502 3673 eodem
1537 3609 1691 3673 alias
1727 3609 2031 3675 discerem

275 3712 514 3788 Nouos,
549 3711 848 3789 studiose,
881 3711 963 3775 no
997 3709 1174 3775 illum
1212 3711 1294 3775 ab
1329 3710 1537 3775 studio
1573 3710 1968 3777 abducerem.

276 3812 534 3879 Perfeci
566 3823 637 3876 ut
673 3815 1134 3899 spectarentur:
1171 3813 1285 3877 ubi
1320 3824 1468 3877 sunt
1502 3813 1811 3899 cognitae,
2243 3822 2313 3878 20

275 3915 559 3980 Placitao
595 3926 760 3980 sunt.
829 3915 920 3979 ita
952 3912 1209 4000 poo'tam
1242 3915 1489 3979 restitui
1518 3917 1586 3979 in
1619 3915 1829 3981 locum

276 4017 491 4103 Prope
524 4018 652 4081 idm
685 4028 998 4083 remotum
1031 4018 1259 4082 iniuria
1293 4017 1729 4083 aduorsarium

199 4138 252 4180 ιε
275 4120 389 4185 Ab
425 4120 634 4186 studio
670 4131 860 4205 atque
895 4120 978 4186 ab
1012 4120 1225 4187 labore
1260 4131 1451 4206 atque
1486 4131 1618 4189 arte
1651 4122 1911 4190 musica.
