2725 4650
143 329 248 405 111,
271 337 309 391 2
737 324 1112 387 ΗΕΑνΤῡΝ
1145 322 1703 389 TmonMsNos
2100 304 2183 378 73

247 456 362 522 SY.
434 456 535 519 Ita
567 457 696 519 non
729 466 800 519 ut
835 454 1006 530 olim,
1043 452 1154 517 sod
1187 452 1280 515 uti
1313 474 1503 529 nuno,
1540 452 1691 516 sano
1725 450 1921 525 bona3

419 549 839 632 Minumoque
874 548 1087 624 miror,
1125 545 1336 610 Clinia
1370 545 1537 610 hane
1571 545 1625 609 si
1660 544 1919 631 deperit.
2216 546 2320 602 525

167 662 220 703 15
426 642 560 709 Sed
592 643 784 707 habet
817 652 1062 727 patrem
1097 634 1415 723 quendam
1448 638 1708 703 auidum
1742 637 1961 703 misere
1994 645 2184 721 atque

1095 732 1365 810 aridum,

421 830 724 897 Violnum
755 828 952 893 huno:
989 827 1236 891 nostin?
1276 830 1344 891 at
1378 828 1561 910 quasi
1594 826 1648 890 is
1682 848 1812 891 non
1848 824 2014 889 ditiis

423 922 751 1000 Abundet,
787 933 1018 1007 gnatus
1051 924 1187 986 eius
1224 920 1507 1006 profugit
1539 920 1770 1004 inopia.

427 1015 568 1081 Seis
603 1018 744 1081 osse
761 1016 1002 1081 factum
1027 1025 1100 1078 ut
1126 1014 1302 1079 dleo?
1345 1012 1468 1080 Cn.
1506 1012 1679 1095 Quid
1706 1035 1825 1099 ego
1859 1015 1930 1077 ni
1954 1012 2185 1077 sciam?

424 1110 772 1175 Hominem
796 1109 1061 1195 pistrino
1081 1108 1362 1193 dignum.
1403 1106 1511 1173 Sr.
1541 1106 1789 1189 Quem?
1824 1103 1944 1171 Cn.
1966 1105 2185 1171 Istune
2218 1110 2323 1167 530

1099 1203 1417 1266 seruolum

172 1316 228 1356 20
423 1295 592 1362 Dico
626 1295 1066 1371 adulescentis,
1139 1293 1246 1359 Sr.
1303 1292 1489 1379 Syre,
1526 1293 1641 1358 tibi
1676 1293 1857 1357 timui
1888 1290 2083 1358 male!

253 1388 378 1455 cn.
424 1388 556 1471 Qui
624 1393 849 1477 passus
917 1399 1014 1454 est
1078 1388 1146 1451 id
1223 1387 1384 1453 fieri.
1484 1386 1594 1452 Sr.
1674 1385 1850 1468 Quid
1914 1385 2185 1452 faceret?

1101 1479 1223 1546 CH.
1271 1482 1526 1567 Rogas?

425 1576 692 1660 Aliquid
725 1575 1044 1660 reperiret,
1077 1574 1348 1660 fingeret
1384 1574 1687 1651 fallacias,

424 1670 615 1737 Vnde
649 1671 814 1733 esset
850 1668 1253 1745 adulescenti,
1289 1668 1529 1733 amicae
1564 1668 1735 1752 quod
1770 1668 1967 1745 daret,

427 1766 645 1848 Atque
679 1762 848 1827 hune
883 1761 1205 1827 difficilem
1237 1761 1507 1826 inuitum
1541 1763 1817 1826 versaret
1851 1782 2085 1827 senem.
2221 1762 2323 1817 535

177 1876 232 1917 25
257 1858 366 1923 Sr.
429 1858 667 1923 Garris.
723 1854 843 1921 Cn.
888 1856 1072 1921 Haeo
1105 1854 1276 1920 faeta
1311 1854 1394 1919 ab
1425 1856 1535 1920 illo
1570 1856 1915 1943 oportebat,
1954 1853 2136 1939 Syre.

259 1950 371 2016 SY.
433 1950 578 2015 Eho
603 1952 838 2035 quaeso
873 1949 1116 2026 laudas,
1151 1950 1264 2033 qui
1297 1971 1437 2014 eros
1472 1948 1735 2013 fallunt?
1780 1947 1901 2014 Cn.
1944 1928 2188 2013 1111on

428 2044 573 2130 Ego
599 2045 751 2109 uero
775 2043 986 2108 laudo.
1041 2041 1150 2107 Sr.
1186 2041 1386 2107 Recte
1413 2064 1583 2107 sane.
1638 2039 1755 2106 Cn.
1793 2040 2049 2128 Quippe
2078 2041 2189 2125 qui

427 2138 817 2223 Magnarum
851 2139 1039 2220 saepe
1071 2136 1138 2199 id
1173 2135 1522 2199 remedium
1558 2135 2110 2219 aegritudinumst:

444 2232 553 2296 Vel
581 2231 708 2295 iam
742 2230 889 2294 huic
923 2229 1256 2294 mansisset
1287 2229 1513 2294 unicus
1548 2230 1776 2315 gnatus
1812 2228 2002 2293 domi.
2222 2230 2325 2286 540

180 2347 234 2387 so
261 2326 374 2392 SY.
435 2325 670 2390 Iocone
706 2348 788 2390 an
822 2323 984 2389 serio
1017 2323 1118 2388 ssle
1149 2323 1308 2389 haee
1348 2323 1515 2389 dicat
1549 2323 1790 2400 nosoi03

430 2419 571 2484 Nisi
629 2419 784 2483 mihi
842 2419 1100 2503 quidem
1169 2418 1345 2483 addit
1411 2417 1721 2494 animum,
1790 2438 1918 2502 quo
1976 2417 2191 2482 lubeat

1105 2533 1327 2598 magis.

263 2607 386 2674 Cn.
431 2605 518 2671 Et
549 2608 720 2671 nune
755 2605 909 2689 quid
943 2607 1250 2690 expectat,
1298 2603 1501 2690 Syre?
1544 2627 1625 2668 an
1660 2604 1812 2670 dum
1844 2604 1949 2686 hio
1984 2604 2191 2669 denuo

433 2699 667 2776 Abeat,
703 2722 898 2784 quom
931 2699 1195 2764 tolerare
1229 2699 1397 2763 sslius
1434 2707 1720 2785 sumptus
1754 2699 1883 2762 non
1917 2699 2144 2781 queat?

432 2793 662 2860 Nonne
703 2793 789 2858 ad
837 2815 1055 2858 senem
1106 2791 1383 2876 aliquam
1433 2791 1741 2856 fabricam
1791 2791 2011 2878 fingit?
2080 2789 2189 2858 St.
2225 2793 2329 2848 545

1109 2883 1395 2950 Stolidus
1431 2895 1542 2951 est.
2054 2921 2059 2928 -

179 2999 238 3044 ³5
265 2980 386 3048 Cn.
429 2982 524 3046 At
557 2991 622 3046 te
655 2979 941 3066 adiutare
975 2979 1223 3065 oportet
1256 2977 1709 3044 adulesoontuli

437 3072 668 3140 Causa.
759 3071 870 3140 Sr.
936 3072 1152 3139 Facile
1202 3072 1496 3158 equidem
1546 3073 1757 3138 faeere
1808 3092 2087 3158 possum,
2140 3071 2195 3137 81

1104 3167 1315 3243 iubes;

433 3261 692 3328 Etenim
724 3282 854 3346 quo
886 3271 1072 3348 paeto
1105 3261 1173 3325 id
1206 3260 1347 3325 fieri
1382 3261 1598 3336 soleat,
1640 3259 1854 3324 calleo.

269 3355 390 3422 Cn.
435 3356 643 3420 Tanto
674 3354 884 3420 hercle
919 3355 1156 3420 melior.
1212 3353 1320 3419 St.
1365 3353 1515 3419 Non
1548 3363 1643 3418 est
1676 3351 1928 3418 mentiri
1960 3374 2190 3417 meum.

270 3449 391 3516 Cn.
435 3449 571 3514 Fae
613 3450 784 3534 orgo.
873 3446 982 3513 SY.
1044 3449 1139 3512 At
1190 3447 1347 3513 heus
1399 3457 1490 3524 tu,
1544 3446 1735 3511 fooito
1776 3446 1928 3510 dum
1972 3446 2194 3511 eadem
2228 3456 2330 3511 550

1111 3541 1269 3606 haee
1302 3540 1681 3617 memineris,

187 3657 242 3697 ιο
439 3635 513 3702 Si
547 3636 700 3719 quid
733 3635 922 3699 huius
959 3634 1159 3700 simile
1194 3635 1358 3700 forte
1394 3634 1734 3719 aliquando
1769 3633 2069 3711 (mouerit,

437 3729 528 3795 Vt
563 3730 708 3794 sunt
741 3729 1038 3805 humana,
1073 3729 1216 3794 tuos
1250 3739 1322 3793 ut
1354 3727 1549 3793 faeiat
1582 3727 1770 3792 filius.

268 3822 391 3889 Cn.
436 3821 584 3888 Non
625 3824 777 3887 usus
818 3822 1060 3900 ueniet,
1114 3825 1316 3907 spero.
1406 3821 1513 3888 Sr.
1578 3820 1780 3907 Spero
1823 3821 2032 3886 hercle
2072 3822 2195 3907 ogo

1112 3938 1384 4000 quoque,

438 4009 660 4093 Neque
680 4011 754 4076 eo
772 4030 944 4075 nune
962 4010 1123 4087 dieo,
1152 4012 1278 4094 quo
1297 4009 1636 4094 quiequam
1662 4008 1840 4073 illum
1865 4006 2193 4085 senserim3

441 4102 574 4171 Sed
607 4107 662 4170 si
694 4103 868 4191 quid,
902 4127 984 4172 ne
1019 4103 1192 4190 quid.
1228 4105 1394 4189 quae
1430 4103 1511 4168 sit
1545 4103 1679 4169 eius
1716 4105 1910 4179 aetas,
1944 4101 2121 4168 uides
2131 4125 2151 4181 ;
2228 4105 2331 4162 555
