2725 4650
87 373 182 442 1,2
999 369 1311 428 HEGYRA
1990 350 2119 416 201

112 516 168 556 40
369 495 672 574 Amabat,
708 505 780 559 ut
811 515 1004 579 quom
1039 497 1356 570 maxume,
1394 501 1531 557 tum
1562 489 1957 576 Pamphilus,
2160 489 2262 546 115

369 588 584 669 Quom
618 591 798 674 pater
830 610 1097 654 uxorem
1131 598 1203 652 ut
1236 587 1426 652 ducat
1459 608 1637 650 orare
1672 583 1901 670 occipit

368 682 456 748 Et
489 683 648 747 haec
685 681 1042 748 communia
1078 681 1360 747 omnium
1396 701 1559 764 quae
1592 679 1739 744 sunt
1771 686 2043 762 patrum,

371 775 529 842 Sese
566 798 783 841 senem
817 798 955 840 esse
991 775 1218 853 dicere,
1253 774 1434 838 illum
1468 783 1681 838 autem
1714 771 2001 836 unicumz

364 869 764 935 Praesidium
795 869 963 935 uelle
998 871 1066 934 se
1101 869 1411 934 senectuti
1440 889 1615 933 suae.

117 979 170 1022 4⁵
367 963 485 1028 Ille
519 965 722 1048 primo
759 984 826 1028 se
859 965 1123 1048 negare3
1161 963 1274 1027 sed
1303 973 1640 1047 postquam
1670 959 1877 1025 acrius
2162 956 2265 1012 120

364 1056 561 1121 Pater
592 1059 800 1134 instat,
835 1056 987 1121 fecit
1019 1056 1213 1120 animi
1247 1065 1316 1120 ut
1349 1055 1627 1120 incertus
1661 1053 1842 1128 foret,

365 1149 650 1214 Puddrin
685 1172 849 1215 anne
883 1149 1082 1214 amari
1117 1149 1569 1232 obsequeretur
1601 1146 1825 1232 magis.

369 1243 726 1308 Tundando
762 1253 953 1327 atque
986 1243 1131 1307 odio
1166 1242 1441 1325 danique
1478 1239 1687 1306 effecit
1721 1261 1939 1304 senext

370 1336 726 1422 Despondit
759 1337 820 1401 ei
851 1347 1112 1421 gnatam
1148 1336 1332 1400 huius
1369 1333 1560 1400 uicini
1593 1332 1901 1419 proxumi.

117 1446 172 1489 ⁶0
369 1430 589 1513 Vsque
620 1429 780 1496 fflud
812 1429 1082 1496 uisumst
1108 1429 1445 1514 Pamphilo
1479 1451 1559 1494 ne
1592 1427 1880 1510 utiquam
1914 1446 2129 1512 graue,
2164 1425 2266 1480 125

368 1522 597 1588 Donac
629 1523 758 1588 iam
790 1522 858 1588 in
889 1523 1051 1609 ipsis,
1077 1523 1331 1608 nuptiis,
1368 1523 1703 1607 postquam
1738 1519 1913 1584 uidet

369 1618 634 1683 Paratas
668 1639 787 1684 nec
819 1639 1062 1682 moram
1094 1617 1291 1682 ullam
1324 1617 1479 1700 quin
1512 1616 1704 1680 ducat
1738 1614 1893 1691 dari,

368 1709 472 1774 Ibi
507 1711 762 1780 demum
795 1710 884 1774 ita
915 1732 1108 1795 aegre
1143 1710 1304 1788 tulit,
1340 1721 1415 1774 ut·
1444 1709 1649 1795 ipsam
1680 1705 2087 1782 Bacchidem,

375 1802 450 1869 Si
483 1803 752 1880 adesset,
789 1802 977 1869 credo
1009 1803 1102 1867 ibi
1136 1803 1272 1867 aius
1307 1803 1893 1868 commiseresceret.

119 1915 174 1958 55
370 1896 504 1962 Vbi
535 1897 850 1981 quamque
884 1896 1104 1961 datum
1138 1906 1272 1962 erat
1307 1896 1579 1982 spatium
1612 1893 1985 1970 solitudinis,
2164 1894 2267 1949 130

111 2022 118 2028 ·
275 2003 278 2009 '
369 1991 461 2057 Vt
495 1989 791 2074 canloqui
824 2011 1073 2057 mecum
1106 1991 1238 2054 una
1269 1995 1510 2075 possetz
1556 1990 1920 2066 ‘Parmen0,

340 2151 345 2158 ,
371 2084 563 2162 Perii,
611 2084 765 2168 quid
799 2105 920 2169 ego
955 2083 1085 2170 egil
1129 2085 1198 2148 in
1239 2083 1407 2167 quod
1448 2106 1550 2150 me
1585 2083 1825 2148 conieci
1862 2079 2128 2148 malum!

369 2178 516 2243 Non
548 2178 763 2263 potero
799 2177 966 2244 ferre
1000 2176 1141 2254 hoc,
1172 2177 1517 2244 Parmeno:
1560 2177 1718 2263 perii
1750 2177 1979 2242 miser?

199 2273 321 2337 PH.
367 2272 462 2337 At
495 2273 556 2335 te
593 2271 657 2335 di
694 2271 975 2355 deaeque
1010 2271 1279 2357 perdant
1313 2291 1461 2338 cum
1494 2271 1616 2339 isto
1651 2271 1813 2349 odio,
1848 2267 2127 2337 Lachesl

120 2387 174 2426 60
199 2368 321 2435 ΡΑ.
375 2366 466 2432 Vt
500 2365 581 2431 ad
614 2366 818 2450 pauca
851 2365 1126 2443 redeam,
1163 2368 1426 2432 uxorem
1461 2366 1718 2431 deducit
1750 2366 2027 2431 domum.
2164 2364 2267 2419 135

371 2459 576 2524 Nocte
607 2458 718 2523 illa
749 2457 953 2543 prima
985 2458 1299 2543 uirginem
1331 2480 1463 2523 non
1495 2458 1733 2544 attigit3

357 2545 558 2634 ‚Quae
593 2553 984 2618 consecutast
1016 2554 1146 2617 nox
1180 2575 1342 2630 eam,
1383 2552 1576 2617 nihilo
1609 2552 1831 2637 magis.

198 2649 320 2713 ΡΗ.
365 2644 542 2727 Quid
575 2646 710 2710 a‘is?
754 2661 900 2710 cum
933 2645 1181 2730 uirgine
1209 2646 1342 2710 una
1376 2645 1745 2711 adulescens
1779 2644 2064 2710 cubuerit

368 2739 529 2805 Plus
562 2740 764 2825 potus,
801 2762 941 2805 sese
975 2739 1084 2804 illa
1115 2738 1431 2804 abstinere
1464 2750 1537 2805 ut
1567 2738 1879 2825 potuerit?

123 2854 177 2895 65
371 2832 437 2897 N
437 2854 522 2897 on
555 2831 691 2897 uari
725 2832 928 2898 simile
961 2832 1117 2897 dicis
1151 2854 1270 2900 nec
1303 2854 1527 2899 uerum
1560 2832 1846 2897 arbitror.
2164 2832 2267 2887 140

200 2930 318 2993 ΡΑ.
374 2925 585 2993 Credo
619 2929 710 2991 ita
743 2926 946 2993 uideri
978 2926 1112 2991 tibi.
1179 2949 1329 2992 nam
1361 2948 1549 2992 nemo
1584 2925 1669 2991 ad
1699 2928 1763 2991 ta
1796 2925 1972 2991 uenit

372 3019 514 3085 Nisi
547 3018 806 3104 cupiens
840 3019 961 3097 tui3
995 3019 1102 3091 ille
1136 3020 1373 3085 inuitus
1406 3019 1579 3086 illam
1614 3019 1897 3086 duxerat.

201 3116 325 3181 Pu.
372 3112 548 3194 Quid
584 3112 810 3179 deinde
843 3112 954 3177 fit?
1016 3113 1137 3177 ΡΑ.
1173 3113 1425 3180 Diabus
1458 3136 1611 3188 sane
1641 3113 1929 3200 pauculis

371 3207 534 3272 Post
563 3206 938 3292 Pamphilus
972 3230 1074 3272 me
1109 3208 1310 3272 solum
1343 3208 1587 3273 seducit
1621 3208 1793 3273 foras

123 3325 176 3365 ‘eo
371 3300 748 3384 Narratque,
786 3310 857 3364 ut
890 3299 1073 3385 uirgo
1109 3301 1190 3365 ab
1227 3324 1294 3366 se
1325 3302 1576 3386 integra
1608 3300 1797 3365 etiam
1823 3302 1957 3365 tum
1991 3299 2129 3378 siet,
2163 3301 2266 3357 145

375 3393 588 3477 Seque
621 3395 767 3458 ante
800 3414 995 3476 quam
1028 3416 1167 3459 eam
1201 3395 1461 3459 uxorem
1496 3393 1777 3459 duxisset
1812 3394 2087 3471 domum,

376 3485 684 3573 Sperasse
717 3508 824 3552 eas
859 3486 1124 3553 tolerare
1156 3509 1343 3572 posse
1379 3487 1647 3572 naptias.

374 3588 392 3617 ‘
405 3579 537 3647 Sed
573 3582 765 3665 quam
800 3579 1105 3646 decrerim
1137 3582 1240 3647 ma
1272 3602 1400 3645 non
1435 3602 1619 3665 posse
1654 3579 1888 3644 diutius

374 3674 655 3752 Habere,
690 3696 831 3741 eam
864 3673 1134 3739 ludibrio
1169 3673 1408 3752 haberi,
1440 3674 1777 3751 Parmeno,

126 3789 182 3830 w
377 3767 602 3850 Neque
637 3766 970 3831 honastum
1003 3766 1157 3831 mihi
1191 3784 1397 3852 neque
1429 3766 1585 3833 utile
1617 3765 1738 3852 ipsi
1772 3764 2079 3850 uirginist,
2164 3768 2265 3823 151

133 3882 188 3924 '75
376 3859 556 3943 Quin
586 3862 897 3947 integram
931 3859 1146 3927 itidem
1187 3860 1471 3937 reddam,
1512 3870 1583 3924 ut
1628 3858 1844 3944 accepi
1876 3862 1917 3923 a
1950 3859 2128 3925 suis'.
2167 3867 2269 3923 150

205 3954 326 4017 Pa.
369 3953 565 4016 Pium
596 3955 675 4018 ac
707 3952 1008 4038 pudicum
1041 3953 1366 4038 inganium
1398 3974 1615 4017 narras
1648 3950 1984 4037 Pamphili.

207 4048 325 4112 ΡΑ.
380 4053 397 4081 ‘
410 4047 556 4111 Hoc
589 4047 710 4133 ago
742 4046 1020 4132 proferre
1051 4045 1518 4114 incommodum
1552 4045 1640 4111 mi
1674 4066 1811 4113 esse
1834 4045 2124 4126 arbitron

382 4138 588 4207 Reddi
619 4139 786 4225 patri
823 4149 1054 4217 autem,
1091 4141 1242 4223 quoi
1272 4149 1343 4209 tu
1378 4139 1465 4204 nil
1501 4139 1672 4206 dicas
1704 4139 1843 4219 uiti,
