2725 4650
580 314 666 379 64
1055 327 1428 385 HEAv'roN
1462 327 2016 387 Tmonvmsnos
2476 330 2553 401 11,
2576 332 2611 385 3

577 449 688 517 Sr.
737 449 964 519 Manet
999 450 1121 517 hoc
1145 451 1320 537 quod
1343 452 1523 538 coepi
1547 454 1822 537 primum
1847 475 2152 531 enarrem,
2184 451 2501 538 Clitipho:

743 544 902 610 Post
932 548 1096 611 istuc
1128 546 1401 611 ueniam.
1467 544 1643 611 Cnrr.
1684 544 1987 632 Propera.
2046 545 2157 614 ΒΥ.
2200 548 2341 613 Iam
2376 547 2509 634 pri-

1416 662 1593 705 mum
1628 641 1928 719 omnium,

438 745 542 801 275
743 731 876 799 Vbi
909 735 1171 799 uentum
1205 733 1288 799 ad
1321 734 1493 799 aedis
1528 736 1644 812 est,
1676 733 1922 800 Dromo
1955 736 2162 821 pultat
2194 736 2361 802 fores
2373 760 2392 813 3

743 828 930 891 Anus
979 827 1291 910 quaedam
1339 827 1579 912 prodit3
1628 826 1789 893 haec
1837 828 1951 894 ubi
2000 829 2201 915 aperit
2248 830 2504 906 ostium,
2530 844 2586 887 ³5

744 917 1062 985 Continuo
1096 920 1200 986 hic
1233 943 1303 987 se
1337 921 1604 986 coniecit
1636 921 1823 999 intr0,
1859 944 1980 1009 ego
2016 924 2395 1007 consequor3

741 1015 929 1079 Anus
961 1014 1205 1080 foribus
1239 1014 1419 1079 obdit
1449 1015 1796 1100 pessulum,
1832 1017 1916 1080 ad
1947 1017 2158 1081 lanam
2189 1018 2371 1083 redit.

739 1108 869 1172 Hic
903 1109 1047 1173 sciri
1079 1108 1282 1193 potuit
1315 1109 1426 1174 a1'1t
1458 1130 1773 1194 nusquam
1808 1109 1977 1187 alibi,
2014 1108 2244 1188 Clinia,

433 1214 538 1269 280
738 1200 887 1285 Quo
921 1202 1129 1267 studio
1163 1202 1361 1267 uitam
1396 1204 1579 1267 suam
1612 1212 1675 1268 te
1710 1202 1969 1269 absente
2004 1204 2304 1291 exegerit,

738 1294 871 1363 Vbi
905 1296 986 1360 de
1017 1296 1401 1381 inprouisost
1432 1297 1856 1363 interuentum
1892 1297 2160 1364 mulieri.
2527 1312 2583 1357 ιο

735 1388 906 1454 Nam
939 1412 1015 1454 ea
1047 1392 1151 1455 res
1183 1388 1358 1455 dedit
1394 1399 1532 1454 tum
1566 1392 1989 1456 existumandi
2022 1391 2273 1477 copiam

739 1480 1136 1548 Cottidianae
1170 1485 1342 1549 uitae
1378 1484 1917 1562 consuetudinem,

737 1574 924 1658 Quae
942 1579 1296 1660 quoiusque
1321 1577 1649 1663 ingenium
1675 1588 1747 1643 ut
1771 1581 1853 1643 sit
1878 1578 2156 1644 declarat
2180 1581 2497 1645 maxume.

431 1682 533 1737 285
736 1670 1087 1736 Texentem
1121 1670 1313 1737 telam
1349 1671 1628 1738 studiose
1658 1672 1866 1757 ipsam
1900 1672 2299 1751 offendimus,

734 1764 1140 1830 Mediocriter
1173 1766 1467 1831 uestitam
1500 1776 1679 1831 ueste
1714 1765 1971 1852 lugubri
2524 1781 2579 1825 ⁴⁵

734 1857 924 1940 (Eius
957 1859 1140 1924 anuis
1175 1880 1368 1924 causa
1400 1860 1624 1944 opinor
1656 1880 1820 1944 quae
1854 1871 1988 1925 erat
2020 1863 2315 1943 mortua),

734 1949 892 2021 Sine
942 1953 1123 2030 αἶπος
1175 1963 1314 2017 tum
1365 1963 1653 2018 ornatam
1701 1956 1793 2019 ita
1841 1954 1935 2019 uti
1979 1976 2142 2038 quae
2194 1954 2498 2020 ornantur

1412 2046 1551 2124 sibi,

731 2139 928 2207 Nulla
959 2142 1126 2205 mala
1159 2163 1228 2206 re
1262 2163 1329 2206 os
1366 2140 1709 2225 expolitam
1742 2140 2062 2219 muliebr-h

427 2246 531 2303 290
736 2232 1020 2320 Capillus
1053 2256 1275 2320 pexuS‚
1310 2234 1548 2320 prolixe
1582 2234 1817 2299 circum
1852 2246 2044 2321 caput

731 2329 1050 2407 Reiectus,
1092 2329 1521 2415 neclegenter,
1564 2351 1711 2415 pax.
1781 2328 1960 2396 ΟΜΝ.
2016 2328 2180 2416 Syre
2224 2328 2333 2407 mi,
2378 2329 2497 2394 ob-
2522 2346 2573 2388 ω

1408 2444 1606 2500 secro,

728 2517 831 2583 Ne
864 2538 966 2582 me
999 2518 1066 2581 in
1098 2516 1402 2582 laetitiam
1434 2516 1671 2581 flustra
1704 2515 1994 2583 conicias.
2084 2515 2197 2583 ΒΥ.
2240 2518 2428 2583 Anus

731 2609 1078 2678 Subtemen
1113 2610 1323 2676 nebat.
1361 2612 1687 2695 praeterea
1720 2632 1849 2675 una
1881 2610 2177 2676 ancillula

732 2703 919 2783 Erat3
954 2707 1032 2770 ea
1065 2705 1321 2770 texebat
1352 2705 1503 2782 una,
1539 2704 1763 2789 pannis
1800 2703 2023 2782 obsita,

425 2812 526 2868 295
728 2798 1049 2877 Neclecta,
1099 2798 1702 2956 inmundaciffllliuie.
1774 2795 1949 2863 Cm.
2005 2796 2079 2864 Si
2120 2798 2277 2864 haec
2320 2811 2493 2878 sunt,

1578 2915 1635 2969 a,

729 2988 921 3064 Vera,
955 2988 1044 3051 ita
1076 2987 1170 3051 uti
1205 2985 1415 3064 cred0,
1450 2989 1593 3070 quis
1626 2996 1690 3051 te
1724 2996 1821 3051 est
1853 2986 2266 3052 fortunatior?
2514 3003 2566 3048 ⁵5
2674 3053 2676 3062 2

730 3080 905 3158 Scin,
938 3079 1102 3145 hanc
1135 3100 1326 3163 quam
1361 3079 1513 3144 dicit
1549 3079 1933 3146 sordidatam
1966 3091 2027 3146 et
2063 3079 2397 3158 horridam,

630 3252 635 3257 ⁸
726 3174 1042 3260 Magnum
1091 3173 1214 3238 hoc
1264 3193 1517 3258 quoque
1572 3174 1912 3259 signumst,
1966 3174 2287 3240 dominam
2346 3197 2489 3242 esse

789 3271 796 3274 ’
1401 3277 1579 3332 extra
1610 3268 1888 3345 noxiam,

728 3361 944 3444 Quom
977 3361 1112 3428 eius
1145 3372 1276 3425 tam
1308 3362 1723 3447 neclegimtur
1754 3361 2140 3427 internuntii.

419 3469 524 3524 300
724 3455 894 3520 Nam
927 3454 1316 3540 disciplinast
1351 3457 1441 3520 eis
1477 3455 1941 3522 demunerarier

723 3549 1008 3616 Ancillas
1042 3550 1333 3635 primum,
1372 3549 1454 3613 ad
1478 3549 1762 3614 dominas
1788 3549 1901 3634 qui
1934 3549 2250 3614 adfectant
2285 3549 2477 3616 uiam.
2507 3569 2556 3608 eo

557 3641 734 3710 ΟΜΝ.
770 3643 999 3729 Perge,
1035 3643 1294 3709 obsecro
1330 3654 1413 3721 te,
1448 3654 1511 3708 et
1546 3646 1701 3708 caue
1733 3665 1815 3708 ne
1848 3643 2073 3708 falsam
2106 3642 2376 3728 gratiam

725 3735 996 3802 Studeas
1031 3737 1206 3802 inire.
1251 3737 1405 3820 quid
1440 3745 1547 3813 ait,
1583 3736 1695 3800 ubi
1728 3759 1830 3802 me
1864 3736 2189 3802 nominas?

557 3829 666 3896 Sr.
717 3829 850 3897 Vbi
883 3831 1148 3895 dicimus
1181 3831 1418 3896 redisse
1452 3840 1515 3896 te
1550 3840 1614 3895 et
1646 3833 1871 3916 rogare
1904 3831 1999 3896 uti

417 3938 520 3994 305
721 3924 985 3991 Veniret
1017 3924 1100 3988 ad
1131 3935 1215 4002 te,
1251 3923 1477 3988 mulier
1510 3923 1699 3988 telam
1735 3923 1963 3989 desinit

723 4015 1042 4083 Continuo
1079 4029 1142 4084 et
1172 4017 1468 4083 lacrumis
1504 4018 1719 4102 opplet
1752 4039 1823 4082 os
1858 4019 2061 4084 totum
2095 4017 2235 4095 sibi,
2500 4033 2549 4076 6⁶

719 4111 811 4186 Vt
843 4110 1029 4180 facile
1063 4111 1252 4179 scires
1288 4109 1597 4178 desiderio
1618 4110 1698 4194 id
1730 4111 1891 4178 fieri.

2642 4571 2658 4625 l
