2725 4650
167 320 243 393 v,
269 323 320 378 5.
347 323 382 378 6
1034 321 1446 380 Evnvcflvs
2084 309 2205 377 143

280 443 390 510 Sn.
443 444 575 512 Pro
610 442 981 512 eunuchon?
1049 444 1198 604 ΡΔ.ό
1226 443 1336 511 Sic
1372 455 1485 510 est.
1558 445 1727 512 hune
1758 467 1873 532 pro
1908 446 2172 512 moecho

1116 562 1160 626 p
1201 550 1340 605 stea

448 632 898 720 Conprendere
957 634 1129 698 intus
1158 727 1174 744 ·
1190 636 1252 743 ef
1305 633 1751 700 constrinxere.
1858 632 1967 701 Sn.
2040 614 2173 702 Oc-

273 821 394 888 PA.
440 823 799 889 Audaciam
851 728 1265 888 meretriciiiiii⁹
1302 770 1535 906 specta.
1638 819 1743 887 Sn.
1802 823 1869 889 N
1866 824 1976 888 um
2017 825 2173 908 quid

191 1027 250 1070 85
444 1011 645 1076 Aliud
678 1011 830 1076 mali
865 925 1367 1094 damniueesguod
1400 1031 1527 1074 non
1563 1009 1815 1088 dixeris,
2239 1024 2341 1080 995

444 1105 812 1172 Relicuom?
870 1104 988 1169 ΡΑ.
1025 1103 1386 1169 Tantumst.
1452 1101 1560 1168 Sn.
1608 1101 1811 1170 Cesso
1846 1104 1972 1171 hue
2005 1104 2170 1171 intro

270 1293 394 1360 ΡΑ.
440 1292 586 1359 Non
638 1292 963 1358 dubiumst
1004 1199 1651 1378 quinrfiffieffiggE-um
1695 1315 1774 1358 ex
1817 1293 1938 1358 hae
1978 1316 2049 1359 re
2090 1295 2171 1359 sit

1116 1387 1386 1464 malum3

441 1481 602 1559 Nisi,
637 1483 788 1565 quia
820 1503 1116 1547 necessus
1151 1480 1274 1546 fflit
1306 1482 1429 1546 hoe
1462 1481 1693 1559 faeere,
1728 1481 1795 1546 id
1828 1480 2076 1568 gaudeo

441 1576 715 1663 Propter
745 1598 850 1641 me
882 1575 1056 1642 hisee
1090 1575 1328 1659 aliquid
1363 1577 1502 1641 esse
1536 1576 1912 1641 euenturum
1947 1575 2115 1640 mali.

191 1687 248 1729 ao
442 1669 612 1734 Nam
645 1670 774 1734 iam
810 1668 918 1734 diu
953 1670 1229 1755 aliquam
1263 1671 1523 1734 eausam
1555 1669 1898 1753 quaerebat
1938 1692 2151 1747 senex,
2206 1683 2341 1740 1000

444 1761 660 1845 Quam
701 1764 784 1829 ob
827 1786 962 1830 rem
1003 1764 1252 1850 insigne
1295 1763 1537 1847 aliquid
1568 1764 1807 1830 faceret
1840 1764 1957 1830 eis:
2001 1786 2171 1830 nune

1121 1857 1416 1945 repperit.

762 2045 1135 2112 PrmmAs
1302 2044 1712 2112 anmzo

812 2149 1074 2197 mom
1394 2153 1617 2197 snnvos

165 2230 390 2302 v,oPr.
434 2232 802 2317 Numquam
829 2233 1056 2318 edepol
1090 2233 1429 2318 quiequam
1455 2234 1581 2298 iam
1619 2231 1727 2298 diu
1758 2234 1932 2317 quod
1965 2234 2169 2320 magis

1118 2328 1351 2393 uellem
1388 2330 1659 2405 euenire,

439 2421 541 2487 Mi
576 2422 806 2499 euenit,
852 2443 1046 2506 quam
1079 2421 1254 2506 quod
1284 2422 1475 2487 mddo
1512 2444 1704 2486 senex
1738 2421 1901 2487 intro
1935 2422 2020 2487 ad
2052 2443 2167 2489 nos

1113 2515 1290 2581 uenit
1324 2517 1559 2580 errans.

438 2608 606 2671 Mihi
671 2608 840 2673 selae
909 2607 1174 2674 ridicule
1241 2608 1391 2683 fuit,
1462 2629 1625 2692 quae
1700 2608 1855 2693 quid
1921 2609 2170 2674 timeret

1120 2701 1379 2767 scibam.

269 2795 389 2860 ΡΑ.
428 2793 605 2877 Quid
638 2795 759 2860 hoe
793 2796 1100 2861 autemst?
1166 2794 1286 2861 ΡΥ.
1331 2794 1395 2860 N
1395 2816 1521 2860 une
1546 2795 1614 2859 id
1646 2794 1879 2880 prddeo
1913 2806 1986 2861 ut
2019 2817 2168 2863 oon·
2202 2806 2339 2867 1005

1117 2888 1372 2955 ueniam
1405 2889 1891 2956 Parmendnem.

213 3000 244 3045 ὅ
444 2981 575 3050 Sed
591 2983 703 3047 ubi
722 2984 982 3050 dbseero
1001 2985 1133 3050 est?
1158 2983 1280 3048 ΡΑ.
1297 2983 1413 3049 Me
1432 2984 1677 3068 quaerit
1693 2985 1869 3050 haee.
1906 2984 2025 3051 ΡΥ.
2043 2986 2167 3051 At-

1121 3098 1246 3161 que
1281 3080 1504 3144 eecum
1537 3078 1751 3145 uideo:
1790 3079 1998 3144 adibo.

264 3172 388 3239 ΡΑ.
436 3169 612 3251 Quid
645 3171 761 3248 est,
795 3170 1045 3258 inepta?
1079 3170 1236 3253 quid
1267 3171 1385 3235 tibi
1420 3172 1555 3235 uis?
1600 3172 1752 3256 quid
1785 3174 1991 3239 rides?
2024 3196 2165 3259 per-

1111 3264 1258 3350 gin?
1340 3264 1460 3329 ΡΥ.
1502 3264 1705 3329 Perii:

438 3356 715 3423 Defessa
747 3356 877 3421 iam
912 3379 1054 3422 sum
1088 3360 1318 3422 misera
1360 3368 1423 3422 te
1457 3357 1739 3424 ridendo,
1826 3357 1943 3424 ΡΑ.
1991 3356 2169 3443 Quid

1112 3451 1240 3516 ita?
1322 3451 1441 3515 ΡΥ.
1485 3450 1787 3537 Regitas?

439 3544 806 3628 Numquam
876 3545 981 3629 pol
1049 3544 1372 3610 hominem
1432 3546 1779 3611 stultiorem
1847 3546 1980 3610 uidi
2048 3569 2167 3614 nee

1122 3638 1377 3705 uideb0.
1448 3639 1549 3717 ah,

439 3732 506 3798 N
506 3755 589 3797 on
623 3734 882 3818 pdssum
919 3733 1066 3800 satis
1100 3736 1377 3809 narrare,
1412 3753 1570 3817 quos
1596 3734 1775 3799 ludes
1802 3733 2165 3818 praebueris
2201 3746 2339 3803 1010

1113 3830 1303 3893 intus.

191 3941 246 3981 10
446 3922 536 3985 At
587 3920 776 3985 etiam
825 3921 1030 4008 primo
1082 3921 1379 3988 callidum
1440 3930 1503 3986 et
1563 3920 1867 3987 disertum
1927 3921 2164 3988 credidi

1117 4014 1455 4080 hdniinem.

444 4105 655 4190 Quid?
687 4107 914 4175 ilicone
951 4108 1202 4175 eredere
1238 4131 1316 4173 ea
1347 4128 1513 4191 quae
1547 4106 1678 4173 dixi
1712 4110 1990 4194 oportuit
2023 4111 2123 4177 te?
