2725 4650
89 337 173 407 1,1

111 759 155 800 60

660 337 1033 397 HEAVTON
1068 337 1620 398 'rmonMENos
2015 321 2094 390 57

340 461 493 547 Ego
525 461 691 527 istuc
725 463 950 528 aetatis
981 464 1113 528 nen
1147 462 1345 528 amori
1380 465 1638 548 operem
1671 461 1923 538 dabam,
2134 464 2236 520 110

348 553 487 622 Sed
551 555 619 620 in
686 536 914 622 Asiam
990 557 1139 622 hinc
1218 555 1347 621 abii
1413 558 1670 642 prepter
1735 555 2102 642 pauperiem

1017 653 1207 734 etque
1239 649 1330 715 ibi

347 741 555 809 Simul
587 766 725 810 rem
759 755 825 810 et
857 744 1130 830 gloriam
1162 745 1353 808 ermis
1390 743 1540 810 belli
1573 743 1857 830 repperi?

342 835 679 902 Postremo
714 838 874 903 adeo
907 860 1009 904 res
1042 837 1253 903 rediit:
1290 836 1799 903 adulescentulus

346 926 559 1016 Saepe
593 931 819 996 eadem
852 941 917 997 et
949 931 1229 1017 grauiter
1262 931 1578 996 audiendo
1611 933 1818 998 uictus
1853 941 1977 1009 est3

346 1024 578 1090 Aetete
610 1048 714 1091 me
745 1025 994 1111 putauit
1028 1035 1093 1092 et
1124 1025 1433 1111 sapientia
2139 1027 2240 1084 115

345 1117 508 1183 Plus
543 1121 702 1185 scire
744 1131 810 1186 et
841 1119 1176 1206 prouidere
1209 1141 1402 1204 quam
1436 1141 1504 1184 se
1537 1119 1744 1205 ipsum
1779 1119 1926 1184 sibi:

351 1211 433 1276 In
465 1193 694 1277 Asiam
729 1212 813 1278 ad
844 1235 1063 1299 regem
1094 1213 1431 1279 militatum
1465 1213 1640 1291 abiit,
1677 1211 1999 1279 Chremes.

183 1303 298 1369 Cn.
344 1303 521 1387 Quid
539 1303 673 1373 a'i‘s?
712 1307 851 1372 Mn.
863 1305 1051 1373 Clam
1065 1330 1167 1372 me
1184 1307 1506 1392 profectus
1523 1305 1756 1372 mensis
1773 1308 1886 1371 tris
1907 1306 2103 1373 abest.

184 1397 297 1463 Cn.
344 1400 563 1466 Ambo
597 1402 939 1466 Accusandi
947 1426 966 1478 3
1003 1401 1120 1467 etsi
1152 1401 1311 1466 sslud
1340 1400 1662 1488 inceptum
1695 1411 1906 1466 tamen

347 1493 633 1560 Animist
666 1495 964 1580 pudentis
998 1497 1251 1582 signum
1285 1505 1345 1560 ct
1383 1517 1514 1560 non
1545 1494 1870 1560 instrenui.
2142 1505 2244 1560 120

185 1585 313 1652 Mn.
350 1587 483 1654 Vbi
518 1589 795 1674 cemperi
830 1612 911 1656 ex
946 1588 1056 1666 eis,
1092 1590 1203 1672 qui
1235 1589 1414 1654 fuere
1449 1589 1508 1654 ei
1542 1588 1795 1666 censcii,

51 1696 165 1758 Ιἰο

52 2153 173 2206 ³¹15

145 3100 191 3143 85

153 3572 198 3611 90

166 4034 209 4076 95

349 1679 637 1745 Domum
670 1693 953 1748 reuortor
983 1684 1263 1748 maestus
1297 1692 1488 1766 atque
1523 1681 1731 1747 anime
1766 1683 1900 1748 fere

348 1773 735 1840 Perturbato
772 1789 962 1861 atque
995 1776 1231 1842 incerto
1264 1797 1418 1861 prae
1453 1775 1864 1862 aegritudine.

349 1867 627 1934 Adsido:
666 1868 1011 1935 adcurrunt
1044 1870 1231 1947 serui,
1266 1890 1483 1934 soccos
1518 1868 1854 1935 detrahunt
1862 1893 1882 1947 3

349 1961 561 2034 Video
594 1961 751 2028 elios
785 1963 1083 2029 festinare
1117 1963 1314 2029 lectos
1348 1964 1647 2039 sternere,
2146 1965 2249 2021 125

354 2053 601 2122 Cenam
634 2057 967 2143 edparare:
1002 2058 1118 2143 pre
1153 2079 1222 2123 se
1256 2056 1524 2140 quisque
1557 2056 1776 2122 sedulo

350 2149 721 2228 Faciebant,
756 2171 885 2234 quo
918 2150 1091 2217 illam
1125 2149 1281 2214 mihi
1312 2150 1581 2216 lenirent
1611 2149 1944 2214 miseriam.

353 2243 487 2311 Vbi
519 2243 729 2321 uiden,
764 2244 923 2310 haee
958 2244 1139 2331 coepi
1172 2243 1452 2330 cegitare
1487 2243 1681 2320 ‘hem‚
1713 2245 1807 2309 tet
1839 2265 1982 2309 mea

357 2336 570 2403 Solius
605 2338 855 2404 solliciti
890 2342 1016 2404 sint
1051 2360 1261 2416 causa,
1306 2348 1379 2403 ut
1421 2360 1523 2405 mc
1555 2361 1754 2403 unum
1787 2337 2115 2424 expleant?

357 2432 655 2499 Ancillae
688 2442 781 2498 tot
813 2455 919 2498 me
953 2431 1264 2498 uestiant?
1298 2432 1584 2517 sumptus
1619 2431 1790 2497 domi
2152 2434 2252 2489 130

356 2526 599 2591 Tantes
632 2547 757 2612 ego
792 2526 965 2592 solus
1000 2525 1270 2591 faciam?
1304 2525 1422 2591 sed
1456 2535 1721 2611 gnatum
1752 2525 2031 2601 unicum,

357 2618 571 2701 Quem
606 2619 839 2704 pariter
872 2619 967 2684 uti
1002 2619 1099 2685 his
1134 2618 1347 2684 decuit
1381 2629 1492 2683 aut
1529 2619 1719 2684 etiam
1751 2619 2042 2704 emplius,

359 2711 558 2793 Quod
590 2712 701 2778 illa
735 2715 908 2778 aetas
940 2712 1143 2798 magis
1179 2710 1263 2777 ad
1294 2712 1454 2778 haec
1486 2712 1722 2778 utenda
1753 2712 2058 2789 ideneast,

356 2808 531 2873 Eum
568 2828 689 2892 ego
722 2805 872 2873 hinc
905 2807 1061 2873 eieci
1092 2808 1394 2871 miserum
1424 2804 1730 2872 iniustitia
1760 2805 1930 2871 mea!
2196 2835 2202 2842 ·

355 2900 537 2965 Male
575 2898 831 2984 quidem
865 2923 968 2966 me
1002 2899 1229 2985 queuis
1262 2900 1529 2986 dignum
1565 2900 1882 2986 deputem,
2155 2913 2255 2967 135

361 2992 437 3059 Si
462 2993 531 3059 id
554 2993 803 3060 faciam.
856 3017 1005 3061 nam
1031 3015 1231 3078 usque
1251 2994 1406 3059 dum
1421 2994 1528 3059 illc
1545 2994 1746 3059 uitam
1760 2992 1936 3060 illem
1955 2993 2119 3060 colet

358 3088 650 3173 Inopem,
687 3110 906 3154 carens
940 3088 1145 3173 patria
1178 3087 1263 3153 eb
1297 3097 1474 3153 meas
1507 3087 1788 3164 iniurias,

359 3182 617 3247 Interea
652 3203 854 3267 usque
888 3181 981 3247 illi
1014 3182 1095 3247 de
1128 3204 1230 3247 me
1264 3182 1642 3267 supplicium
1675 3181 1842 3247 dabo

361 3275 720 3352 Laberans,
755 3297 1042 3360 parcens,
1076 3278 1406 3360 quaerens,
1441 3275 1534 3340 illi
1566 3274 1882 3341 seruiens?

359 3369 465 3436 Ita
498 3369 665 3436 fecie
699 3374 990 3456 prorsusz
1023 3370 1113 3435 nfl
1144 3368 1434 3454 relinquo
1467 3369 1535 3433 in
1569 3369 1851 3446 aedibus,
2158 3374 2260 3428 140

361 3462 502 3530 Nec
536 3466 653 3527 nes
690 3485 809 3530 nec
840 3462 1315 3529 uestimentum:
1354 3462 1602 3528 conrasi
1633 3462 1862 3529 emnia.

365 3558 677 3634 Ancillas,
712 3578 950 3635 seruos,
984 3556 1107 3622 nisi
1140 3579 1247 3623 eos
1282 3556 1394 3642 qui
1425 3578 1614 3643 opere
1647 3556 1879 3621 rustico

365 3650 692 3717 Faciundo
726 3650 913 3716 facile
948 3652 1266 3736 sumptum
1300 3650 1652 3717 exercitent
1685 3670 1886 3727 suom,

371 3741 603 3810 Omnis
636 3745 908 3830 produxi
943 3765 1017 3810 ac
1052 3744 1323 3810 uendidi.
1392 3744 1680 3829 inscripsi
1711 3744 1855 3808 ssico

372 3838 573 3904 Aedis
608 3839 917 3904 mercede.
963 3838 1143 3925 quasi
1175 3838 1412 3904 talenta
1445 3838 1528 3901 ad
1560 3837 1916 3921 quindecim
2066 3860 2074 3864 ·
2160 3849 2262 3905 145

377 3929 609 4018 Coegit
639 3955 861 4019 agrum
881 3931 1051 3997 hunc
1065 3934 1378 3997 mci-cetus
1397 3953 1564 3995 sum:
1593 3930 1695 3997 hic
1717 3953 1820 3995 me
1847 3932 2124 3997 exerceo.

375 4022 652 4091 Decreui
685 4025 987 4112 tantisper
1020 4048 1121 4090 me
1154 4025 1361 4089 minus
1395 4023 1680 4102 iniuriae,

381 4116 705 4199 Chremes,
738 4143 881 4186 meo
913 4130 1108 4206 gnato
1141 4120 1370 4196 fecere,
1407 4118 1560 4183 dum
1593 4118 1741 4184 fiem
1773 4118 1964 4183 miser
1969 4142 1990 4198 3
