2725 4650
535 278 664 364 2'06
1347 309 1661 367 ascum
2474 316 2522 385 1,
2546 315 2583 369 2

537 434 646 501 Sr.
703 434 899 501 Salue
950 445 1288 510 mecastor,
1340 435 1679 501 ParmenO.
1782 435 1902 500 ΡΑ.
1956 435 2044 501 Et
2100 448 2170 502 tu
2220 436 2479 523 edepol,

1384 528 1568 615 Syra.

698 623 827 687 Dic
862 624 970 701 mi,
1005 623 1136 699 fibi,
1169 623 1463 701 Philotis,
1499 636 1561 689 te
1597 624 1924 690 dblectasti
1960 628 2090 689 tam
2125 624 2273 689 diu?

427 730 496 784 85
527 718 649 783 ΡΗ.
693 718 988 783 Minume
1023 717 1320 802 equidem
1353 741 1458 783 me
1493 718 1826 797 oblectaui‚
1864 740 2027 801 quae
2062 742 2207 784 cum
2241 718 2448 785 milite
2502 738 2556 778 ιο

701 808 1079 877 Corinthum
1113 810 1262 877 hinc
1297 834 1441 877 sum
1473 811 1758 897 profecta
1789 811 2361 877 inhumanissumoz

697 904 1038 969 Biennium
1072 904 1162 969 ibi
1197 906 1568 990 perpetuom
1603 905 1832 971 misera
1865 906 2045 969 ilh'im
2080 906 2216 971 tuli.

527 999 646 1063 ΡΑ.
693 998 943 1085 Edepol
977 1010 1039 1064 te
1075 999 1456 1065 desiderium
1489 998 1890 1065 Athenarum
1924 1000 2209 1077 arbitror,

698 1092 1064 1170 Philotium,
1101 1096 1343 1178 cepisse
1380 1116 1569 1179 saepe
1603 1104 1667 1159 et
1701 1095 1763 1157 te
1798 1104 1976 1158 tuom

425 1190 494 1244 90
699 1182 1051 1252 Consilium
1087 1188 1557 1273 contempsisse.
1642 1187 1762 1252 ΡΗ.
1797 1188 1945 1253 Non
1979 1187 2104 1253 dici
2136 1196 2367 1273 potest,
2493 1201 2551 1242 15

694 1279 911 1363 Quam
971 1280 1203 1366 cupida
1260 1303 1435 1346 eram
1497 1280 1622 1345 huc
1682 1281 2015 1359 redeundi,
2087 1278 2363 1347 abeundi
2430 1300 2473 1342 a

1378 1374 1576 1438 milite

693 1470 958 1550 Vosque
993 1467 1096 1531 hic
1131 1466 1410 1543 uidendi,
1448 1469 1708 1552 antiqua
1741 1478 1813 1533 ut
1846 1466 2300 1532 consuetudine

690 1561 1027 1647 Agitarem
1060 1561 1224 1626 inter
1259 1584 1375 1626 uos
1412 1562 1609 1626 libere
1645 1561 2026 1627 conuiuium.
2115 1620 2118 1623 .

678 1656 862 1744 ⁷Nam
896 1656 988 1721 illi
1022 1654 1195 1719 haud
1227 1655 1458 1721 licebat
1491 1656 1614 1719 nisi
1646 1656 1972 1741 praefinito
2004 1654 2179 1739 loqui

420 1754 488 1807 95
694 1748 880 1829 Quae
914 1749 1004 1815 illi
1046 1749 1386 1835 placerent.
1469 1749 1591 1814 ΡΑ.
1628 1750 1828 1815 Haud
1868 1750 2090 1836 opinor
2132 1746 2467 1814 commode
2492 1764 2547 1803 20

691 1843 920 1908 Finem
957 1844 1251 1909 statuisse
1285 1843 1552 1908 orationi
1584 1843 1867 1909 militem.

519 1938 638 2001 Pu.
687 1936 820 2004 Sed
854 1938 1009 2021 quid
1043 1937 1164 2001 hoc
1198 1937 1497 2023 negotist,
1532 1938 1723 2003 modo
1758 1936 1929 2021 quod
1961 1937 2242 2001 narrauit
2278 1934 2441 1999 mihi

688 2032 817 2097 Hic
851 2034 1021 2096 intus
1057 2030 1366 2096 Bacchis?
1410 2032 1578 2114 quod
1614 2054 1733 2117 ego
1766 2053 2116 2115 numquam
2152 2028 2397 2093 credidi

689 2127 879 2203 Fore,
916 2137 989 2189 ut
1021 2126 1126 2190 ssle
1163 2125 1281 2189 hac
1317 2126 1468 2189 uiua
1501 2126 1712 2209 posset
1746 2126 2027 2189 animum
2058 2124 2362 2189 inducere

385 2225 486 2277 100
687 2221 966 2287 onrem
1011 2219 1266 2285 habere.
1352 2219 1472 2283 ΡΑ.
1517 2220 1777 2284 Habere
1823 2218 2072 2284 autem?
2146 2218 2270 2283 Pu.
2314 2216 2472 2281 Eho
2496 2233 2546 2274 2⁵

1365 2324 1456 2392 tu,
1493 2339 1575 2379 an
1609 2316 1733 2380 nen
1770 2312 1999 2380 habet?

517 2409 636 2473 ΡΑ.
689 2408 928 2486 Habet,
965 2408 1079 2474 sed
1111 2409 1332 2474 firmae
1367 2407 1527 2474 haec
1562 2412 1787 2475 uereor
1821 2420 1892 2473 ut
1926 2408 2050 2474 sint
2082 2405 2363 2492 nuptiae.

517 2503 637 2566 PH.
682 2503 786 2568 Ita
821 2502 886 2566 di
923 2502 1205 2586 deaeque
1237 2501 1462 2579 faxint,
1500 2503 1553 2566 si
1586 2502 1653 2566 in
1689 2525 1821 2568 rem
1858 2513 1953 2567 est
1986 2499 2342 2565 Bacchidis.

688 2594 821 2662 Sed
872 2598 981 2678 qui
1031 2597 1195 2660 istuc
1247 2596 1502 2660 credam
1553 2596 1643 2660 ita
1694 2599 1853 2674 esse,
1916 2595 2017 2660 dic
2068 2595 2243 2670 mihi,
2296 2593 2467 2658 Par-

1367 2711 1571 2756 mene.

517 2781 636 2848 PA.
689 2784 755 2848 N
755 2805 841 2847 on
874 2784 969 2848 est
1004 2806 1163 2869 opus
1199 2784 1471 2868 prolato:
1509 2783 1629 2848 hoc
1664 2782 2087 2869 percontarier

381 2882 482 2935 105
683 2878 958 2943 Desiste.
1061 2878 1184 2942 PH.
1238 2877 1487 2964 Nempe
1540 2900 1617 2943 ea
1668 2878 1887 2955 causa,
1949 2887 2021 2942 ut
2082 2900 2163 2942 ne
2224 2875 2291 2939 id
2340 2876 2463 2940 fiat
2486 2895 2540 2934 3⁰

435 3007 440 3016 ·
1410 2972 1614 3036 alam?

681 3066 784 3130 Ita
817 3066 918 3128 me
955 3065 1021 3129 di
1056 2995 1407 3142 amabunt,p
1416 3064 1589 3129 haud
1621 3076 1954 3151 propterea
1987 3067 2049 3130 te
2085 3087 2262 3152 roge,

679 3159 771 3225 Vt
805 3160 925 3223 hoc
959 3159 1295 3243 proferam,
1342 3159 1454 3224 sed
1490 3169 1558 3224 ut
1595 3159 1787 3224 tacita
1821 3180 2071 3225 mecum
2114 3157 2455 3244 gaudeam.

511 3254 629 3318 ΡΑ.
682 3253 1050 3336 Numquam
1085 3264 1216 3317 tam
1251 3253 1421 3317 dices
1458 3253 1800 3329 commode,
1844 3264 1915 3317 ut
1951 3255 2200 3338 tergum
2232 3275 2455 3317 meum

680 3347 888 3412 Tuam
929 3349 996 3410 in
1037 3347 1230 3411 fidem
1274 3349 1679 3410 committam.
1765 3345 1886 3410 ΡΗ.
1934 3346 2043 3410 Α11
2086 3346 2235 3422 noli,
2286 3345 2455 3410 Par-

1359 3463 1575 3506 meno:

374 3550 476 3602 110
679 3535 881 3616 Quasi
917 3537 986 3599 tu
1019 3557 1150 3599 non
1182 3535 1381 3599 multo
1418 3535 1599 3599 malis
1634 3557 1888 3599 narrare
1924 3533 2043 3598 hoc
2067 3533 2231 3597 mihi
2474 3552 2535 3592 ³5

678 3630 889 3711 Quam
928 3652 1048 3716 ego
1084 3629 1247 3713 quae
1283 3639 1616 3713 percontor
1658 3631 1834 3693 scire.
1922 3627 2042 3692 ΡΑ.
2079 3629 2253 3695 Vera
2286 3626 2447 3692 haec

1354 3722 1697 3808 praedicat,

675 3815 764 3880 Et
796 3816 951 3880 illud
987 3817 1141 3882 mihi
1175 3817 1459 3881 uitiumst
1495 3820 1883 3882 maxumum.
1955 3815 2009 3880 si
2044 3815 2199 3880 mihi
2233 3815 2428 3879 fidem

674 3909 813 3973 Das
849 3913 910 3973 te
947 3910 1296 3987 tacituram,
1335 3911 1560 3976 dicam.
1613 3912 1734 3976 Pa.
1763 3911 1873 3974 Ad
1898 3909 2223 3994 ingenium
2253 3909 2451 3976 rediS.

673 4001 899 4064 Fidem
953 4003 1063 4065 do:
1129 4005 1404 4085 loquere.
1500 4004 1619 4068 ΡΑ.
1674 4003 2008 4070 Ausculta.
2112 4003 2234 4067 Pu.
2287 4003 2451 4070 Istic

1348 4119 1507 4160 sum.
1576 4097 1695 4161 ΡΑ.
1733 4099 1922 4163 Hauc
1958 4096 2348 4164 Bacchidem

2651 4066 2679 4132 4
