2725 4650
558 278 644 344 44
1368 283 1669 344 ANDmA
2459 287 2514 351 v,
2533 284 2562 337 2

420 421 523 476 850
556 414 685 479 DA.
730 411 977 478 Mihin?
1044 408 1138 478 Sx.
1189 410 1339 478 Tibi
1367 431 1539 495 ergo.
1609 408 1738 474 DA.
1789 406 1937 495 Eg6
1971 409 2162 476 modo
2204 408 2370 477 intro
2416 413 2472 476 ix'.

1405 503 1497 570 SI.
1568 501 1772 585 Quasi
1799 497 1976 591 [ego]
2001 526 2191 588 quam
2247 503 2479 567 dudum

1080 627 1085 630 ·
1402 619 1643 684 rogem.

553 695 684 760 DA.
729 693 898 760 Cum
940 705 1051 759 tuo
1102 703 1296 779 gnato
1338 715 1488 758 una.
1559 689 1653 756 Sx.
1705 672 1896 755 Anne
1942 701 2037 755 est
2078 690 2246 754 intus
2290 689 2480 754 Pem-
2503 706 2547 746 ιο

1402 785 1652 870 philus?
1695 784 1944 850 crucior
1977 783 2194 849 miser!

726 867 891 960 Eho,
934 903 1062 947 non
1095 891 1167 946 tu
1202 880 1359 945 dixti
1395 883 1532 946 esse
1565 880 1731 944 inter
1773 900 1882 943 eos
1925 878 2306 956 inimicitias,
2351 880 2482 942 ear-

1401 973 1636 1039 nufex?

556 1071 687 1136 DA.
734 1070 920 1137 Sunt.
993 1069 1084 1136 S1.
1139 1066 1323 1150 Quor
1356 1068 1552 1154 igitur
1585 1067 1688 1133 hic
1731 1067 1864 1131 est?
1933 1065 2052 1133 Cn.
2099 1066 2275 1150 Quid
2308 1066 2484 1130 illum

1399 1161 1656 1226 censes?
1701 1182 1846 1226 oum
1883 1160 1994 1226 illa
2027 1161 2248 1246 litigat.

554 1259 682 1324 DA.
727 1240 933 1326 1mmo
968 1278 1121 1322 uero
1148 1255 1502 1342 indignum,
1541 1253 1870 1330 Chremee,
1904 1254 2032 1319 iam
2057 1254 2304 1320 facinus
2338 1253 2483 1318 faxo

1399 1373 1480 1416 ex
1514 1372 1617 1416 me
1653 1348 1892 1416 audies.

416 1463 520 1518 855
721 1446 957 1512 Nescio
1002 1445 1111 1529 qui
1163 1446 1357 1510 senex
1407 1444 1597 1508 modo
1649 1442 1844 1520 uenit,
1895 1443 2109 1519 ellum,
2163 1441 2483 1508 confidens

1403 1547 1608 1603 catus:

724 1631 939 1715 Quom
967 1632 1196 1697 faciem
1222 1631 1464 1707 uideas,
1499 1631 1753 1696 uidetur
1781 1631 1919 1695 esse
1947 1630 2267 1714 quantiuis
2297 1629 2482 1716 preti:
2509 1645 2554 1687 15

722 1727 948 1794 Tristis
984 1726 1218 1792 ueritas
1251 1725 1417 1790 inest
1441 1725 1508 1790 in
1533 1726 1714 1794 uoltu
1749 1735 1939 1808 atque
1973 1725 2040 1789 in
2065 1724 2278 1792 uerbis
2311 1725 2485 1790 fides,

556 1822 648 1889 S1.
720 1819 896 1902 Quid
930 1843 1077 1885 nam
1112 1820 1445 1905 adportas?
1502 1818 1631 1884 DA.
1675 1819 1785 1883 Nss
1821 1818 2134 1903 equidem,
2167 1819 2289 1883 nisi
2317 1819 2485 1904 quod

1402 1914 1584 1980 illum
1617 1912 1836 1978 audiui
1871 1913 2096 1980 dicere.

560 2009 651 2076 S1.
723 2008 898 2090 Quid
934 2017 1020 2074 a‘it
1052 2007 1345 2072 tandem?
1405 2006 1534 2071 DA.
1583 2005 1952 2092 Glycerium
1987 2029 2055 2072 se
2092 2009 2250 2072 scire
2283 2007 2485 2073 ciuem

1405 2123 1542 2166 esse
1577 2082 1880 2166 Atticam.
1957 2099 2049 2167 S1.
2101 2101 2294 2177 Hem,

422 2213 526 2268 860
729 2196 1003 2271 Dromo,
1075 2193 1339 2258 Dromo.
1430 2194 1558 2258 DA.
1630 2191 1804 2274 Quid
1857 2194 1989 2258 est?
2069 2192 2158 2259 S1.
2221 2192 2486 2260 Drom0.

1403 2288 1531 2353 DA.
1577 2287 1774 2353 Audi.
1839 2286 1928 2354 S1.
1967 2287 2254 2354 Verbum
2290 2289 2346 2353 si
2381 2289 2488 2354 ad-

1401 2381 1632 2447 dideris
1669 2430 1684 2446 .
1722 2382 1772 2447 ,Ξ
1842 2381 2107 2447 Dromo.

557 2478 686 2543 DA.
731 2477 909 2543 Audi
944 2477 1227 2542 obsecro.
1278 2474 1408 2540 Dn.
1447 2474 1622 2556 Quid
1647 2476 1784 2540 uis?
1837 2474 1928 2541 Sr.
1969 2474 2300 2542 Sublimem.
2327 2480 2487 2555 intro
2513 2496 2561 2535 2⁰

1405 2568 1574 2634 huno
1611 2592 1782 2654 rape,
1817 2571 2122 2653 quantum
2160 2583 2387 2655 potest.

558 2666 684 2732 Du.
730 2665 981 2749 Quem?
1025 2663 1116 2731 S1.
1154 2663 1432 2728 Dauom.
1478 2662 1606 2727 DA.
1645 2662 1859 2744 Quam
1885 2664 1968 2727 ob
1993 2665 2165 2728 rem?
2200 2663 2292 2729 S1.
2323 2663 2490 2746 Quia

1400 2757 1598 2822 lubet.
1633 2780 1786 2841 rape
1815 2759 2096 2841 inquam.
2147 2756 2276 2823 DA.
2315 2757 2490 2839 Quid

1406 2850 1568 2915 feci?
1639 2849 1729 2916 St.
1783 2850 1984 2935 Rape.

560 2948 691 3013 DA.
735 2946 808 3013 Si
869 2946 1209 3029 quiequam
1266 2945 1555 3010 inuenies
1615 2946 1716 3009 me
1777 2944 2139 3021 mentitum,
2201 2946 2486 3011 occidito.

1411 3038 1501 3103 SI.
1545 3038 1657 3103 Nil
1696 3037 1913 3102 audio:

731 3133 875 3219 Ego
910 3132 1037 3197 iam
1072 3142 1135 3197 te
1171 3134 1556 3197 commotum
1583 3131 1864 3198 reddam.
1919 3131 2048 3197 DA.
2092 3133 2341 3199 Tamen
2376 3135 2490 3200 etei

1407 3226 1528 3290 hoe
1560 3226 1881 3290 uei-umet?
1952 3222 2044 3292 S1.
2091 3226 2356 3293 Tamen.

426 3340 530 3395 865
735 3320 913 3387 Cura
954 3319 1418 3384 adseruandum
1464 3322 1770 3397 uinctum,
1825 3329 2012 3404 atque
2057 3320 2288 3385 audin?
2340 3326 2491 3407 qua-

1407 3414 1755 3499 drupedem
1791 3414 2221 3501 constringit-o.

732 3512 881 3597 Age
915 3507 1238 3573 nunciam:
1276 3528 1398 3595 ego
1433 3509 1541 3593 pol
1575 3507 1784 3585 hodie,
1821 3508 1874 3571 ei
1909 3508 2080 3586 uiuo,
2117 3507 2232 3572 tibi
2516 3526 2563 3567 25

735 3602 1109 3679 Ostendam,
1146 3624 1323 3667 erum
1356 3601 1512 3685 quid
1547 3603 1627 3665 sit
1660 3600 1879 3687 pericli
1918 3601 2155 3677 fallere,

734 3697 822 3762 Et
862 3697 954 3762 illi
1004 3707 1267 3782 patrem.
1341 3693 1462 3760 Cn.
1515 3694 1646 3770 Ah,
1699 3718 1781 3759 ne
1833 3695 2008 3759 saeui
2057 3705 2234 3760 tanto
2285 3718 2492 3783 opere.

1412 3786 1502 3854 Sr.
1560 3766 1623 3853 O
1663 3786 1991 3867 ChremeS,

731 3884 1047 3949 Pietatem
1081 3882 1285 3969 gnati!
1333 3884 1543 3947 nonne
1578 3894 1641 3947 te
1677 3882 1931 3947 miseret
1968 3882 2130 3947 mei?

426 3988 530 4043 870
734 3978 1013 4043 Tantum
1046 3976 1327 4041 laborem
1365 3978 1587 4060 capere
1623 3975 1706 4039 ob
1741 3976 1931 4040 talem
1967 3974 2201 4040 filiuml

738 4073 882 4157 Age
914 4069 1269 4155 Pamphile,
1307 4068 1410 4135 exi
1442 4068 1805 4154 Pamphile:
1843 4068 2070 4155 ecquid
2103 4071 2167 4134 te
2203 4069 2434 4157 pudet?
2513 4086 2558 4127 ³0
