2725 4650
418 295 547 362 itm
1322 311 1673 366 PRAnsAmo'

418 437 546 484 sunt
568 461 635 470 —
666 430 810 483 inter
842 445 934 483 eos
970 429 1158 483 Herm.
1190 429 1478 485 Schindler
1512 429 1846 485 tabantur14.
1905 430 1978 484 ad
2017 429 2259 502 inopiam
2288 427 2578 484 redactum

418 499 667 561 (Observ.
702 498 820 552 crit.
856 516 911 578 p.
935 498 1140 553 29-38
1181 515 1319 553 novo
1343 514 1474 569 quo·
1509 515 1570 552 re
1602 498 1861 552 familiari
1891 498 2088 554 misere
2121 499 2376 570 neglecta
2405 503 2462 552 at
2502 513 2578 551 ue

418 567 545 620 dam
569 567 736 620 allato
758 565 961 620 indicio
985 597 1069 635 -,
1094 583 1127 620 a
1152 566 1186 580 ’⁰
1213 568 1473 622 oblocuti.
1510 566 1986 638 indignabundum
2043 583 2168 621 eum
2213 584 2250 620 a
2297 566 2467 621 nobili
2507 583 2578 619 us

417 635 516 689 sed
534 651 657 688 cum
674 634 837 688 certis
854 634 1190 705 argumentis
1212 636 1301 690 vel
1323 635 1476 689 testi·
1511 634 1702 689 amicis
1740 635 1916 689 Roma
1963 634 2279 689 discessisse
2327 635 2576 688 eiusdem

417 702 614 756 moniis
645 701 916 756 sententia
946 718 1148 771 eorum,
1182 703 1277 772 qui
1306 703 1475 757 Adel·
1510 702 1675 756 Porci
1712 719 1900 756 versus
1937 702 2072 770 (vit.
2107 703 2261 771 Ter.)
2299 702 2574 770 indicant3

458 771 555 823 hos
588 769 923 824 comoediam
962 770 1073 824 iam
1114 776 1240 824 ante
1274 787 1478 825 annum
1513 770 1602 824 cui
1623 772 1712 824 vel
1732 770 1794 823 id
1816 786 2124 842 repugnare
2155 771 2390 839 videtur,
2459 771 2577 823 uod

416 789 519 893 {94
542 839 711 893 semel
727 854 762 892 a
777 838 1038 892 Terentio
1056 843 1237 892 actam
1254 855 1373 893 esse
1393 855 1476 893 ar-
1513 838 1705 892 eodem
1722 854 1883 907 anno,
1939 854 2010 892 uo
2027 839 2086 892 in
2105 837 2396 893 Graeciam
2414 855 2449 892 a
2487 839 2575 902 iit,

417 907 767 974 bitrarentur,
791 907 1031 960 nondum
1049 905 1367 962 confirmata
1388 907 1475 974 sit,
1511 906 1654 959 ludis
1715 905 1934 960 funebri
1973 924 2038 960 us
2099 906 2305 960 Aemili
2367 906 2574 974 Paulli,

415 974 476 1027 in
488 973 692 1054 tradita
702 973 1035 1029 didascaliae
1046 974 1307 1082 memgria
1319 975 1476 1028 nobis
1513 989 1646 1094 auos
1679 972 1866 1044 Scipio
1897 990 2009 1056 una
2042 991 2163 1029 cum
2195 974 2367 1028 fratre
2400 974 2574 1042 dedit,

415 1043 1477 1191 ἓὲἓὲῗξεζξὲἓᾞξεῖἧέεᾞωὲέἓῗὲῗ
1512 1042 1923 1164 fflsserffl
1939 1042 2578 1177 15352225235305333

415 1179 659 1232 moedias
699 1195 876 1248 neque
917 1179 1212 1248 anthuitas
1250 1186 1479 1233 noverat
1508 1195 1563 1230 u.
1592 1179 1718 1246 c.)1⁵
1739 1178 1970 1232 Romam
1987 1194 2046 1232 re
2109 1195 2205 1232 ens
2221 1184 2462 1232 mortuus
2486 1183 2580 1232 est

413 1262 593 1316 neque
623 1246 763 1316 ipse,
804 1246 1065 1315 quamdiu
1097 1247 1306 1301 Romae
1338 1253 1474 1316 erat,
1511 1246 1598 1299 vel
1620 1245 1910 1317 naufragio
1932 1262 2103 1327 prope
2125 1247 2463 1301 Leucadiam
2485 1247 2574 1300 in-

414 1314 472 1367 in
506 1330 760 1368 scaenam
784 1315 952 1370 dedit.
1002 1320 1257 1384 quattuor
1290 1331 1476 1368 earum
1510 1313 1685 1367 sulam
1715 1313 1864 1367 facto
1894 1315 1978 1368 vel
2021 1331 2080 1368 1n
2112 1315 2355 1369 Arcadia
2387 1313 2451 1369 St
2550 1345 2575 1356 -

415 1399 452 1436 a
468 1381 769 1436 Menandro
786 1383 1079 1437 translatas
1098 1399 1217 1436 esse
1236 1387 1474 1451 constat,
1510 1381 1663 1451 phali
1686 1382 1914 1452 oppido;
1939 1381 2018 1436 ibi
2035 1381 2180 1436 enim
2196 1383 2384 1437 nuntio
2512 1387 2578 1436 to

413 1450 655 1520 reliquas
697 1451 850 1519 duas,
892 1451 1169 1521 Hecyram
1211 1455 1268 1504 et
1300 1450 1474 1504 Phor·
1512 1449 1751 1503 sarcinas
1765 1490 1779 1518 ,
1827 1464 1964 1518 quas
2007 1451 2136 1503 navi
2180 1451 2574 1521 praemisisset,

412 1518 675 1587 mionem‚
730 1519 803 1572 ab
840 1518 1176 1588 Apollodoro
1224 1517 1475 1588 Carystio
1509 1516 1568 1570 in
1621 1517 1761 1570 mari
1811 1517 2082 1572 interiisse
2096 1558 2110 1586 ,
2174 1520 2331 1589 gravi
2378 1520 2576 1574 morbo

414 1587 694 1641 convertit.
761 1601 947 1641 omnes
978 1585 1204 1655 Hecyra
1244 1591 1476 1656 excepta
1511 1585 1742 1639 affectus
1790 1601 1822 1638 e
1862 1586 1978 1639 vita
2012 1586 2311 1642 decessisse
2347 1587 2570 1641 dicitur.

411 1655 615 1726 populo
638 1655 729 1708 vel
751 1653 926 1725 prima
952 1654 1165 1708 actione
1192 1654 1325 1708 satis
1358 1655 1472 1724 pla·
1510 1653 1732 1707 fabulae
1765 1669 1896 1707 sane
1929 1671 2067 1724 quas
2106 1671 2274 1708 novas
2304 1671 2336 1708 e
2367 1671 2578 1736 graeca

415 1728 668 1791 cuerunt3
706 1722 838 1791 quin
867 1721 1033 1776 etiam
1064 1721 1359 1776 Eunuchus
1393 1722 1474 1776 fa·
1508 1720 1701 1802 lingua
1731 1727 2097 1788 converterat,
2137 1722 2425 1794 naufragio
2456 1740 2578 1778 una

413 1791 547 1846 bula
585 1795 739 1844 tanto
780 1806 1036 1844 successu
1081 1791 1213 1844 data
1258 1796 1368 1859 est,
1414 1795 1476 1844 ut
1549 1794 1789 1843 emerunt
1801 1791 1862 1842 16.
1921 1821 1990 1831 -
2047 1789 2254 1844 Romae
2320 1791 2579 1862 ‘reliquit

415 1858 624 1912 aediles
670 1857 877 1912 eisdem
923 1858 1066 1912 ludis
1114 1874 1235 1912 eam
1276 1858 1475 1912 iterum
1573 1857 1698 1925 'am,
1753 1873 1894 1928 quae
1948 1864 2075 1928 post
2127 1859 2300 1927 equiti
2345 1875 2578 1914 romano

414 1927 610 1981 darent
650 1931 707 1979 et
746 1931 943 1995 poetae
986 1931 1107 1979 octo
1138 1927 1291 1980 milia
1320 1944 1473 1979 num-
1509 1924 1720 1994 nupsit3
1753 1925 1887 1978 item
1917 1925 2159 1980 hortulos
2189 1926 2384 1998 viginti
2413 1927 2471 1980 iu
2515 1943 2575 1982 e-

410 2011 561 2047 mum
572 1995 781 2062 darent,
794 1999 1056 2064 quantum
1071 1995 1309 2064 pretium
1324 1995 1476 2048 nulla
1509 2009 1629 2045 rum
1672 1993 1763 2047 via
1806 1994 1995 2063 Appia
2050 1995 2124 2047 ad
2165 1994 2384 2048 Martis’
2431 1998 2448 2060 (
2503 1996 2572 2049 it.

411 2067 578 2116 antea
609 2062 928 2132 cuiusquam
952 2062 1234 2116 comoedia
1265 2079 1473 2116 merue-
1510 2060 1677 2124 Ten).
1732 2062 1878 2114 unde
1918 2078 2146 2143 parvam
2184 2062 2427 2132 quidem,
2470 2065 2576 2118 sed

412 2135 500 2184 rat
520 2130 656 2198 (Vit.
683 2131 851 2198 Ten).
906 2129 1133 2200 Hecyra
1153 2146 1301 2199 vero,
1325 2134 1473 2200 post·
1510 2144 1618 2181 non
1632 2128 1839 2182 nullam
1857 2127 2026 2183 fmsse
2045 2129 2098 2184 ei
2114 2146 2231 2184 rem
2241 2130 2575 2186 familiarem

413 2213 579 2268 quam
617 2197 706 2252 bis
746 2197 949 2252 frustra
988 2198 1047 2251 in
1086 2214 1341 2252 scaenam
1382 2199 1473 2252 de·
1509 2197 1894 2266 pernoscimus.

410 2267 527 2321 lata
550 2269 650 2337 est,
682 2265 846 2320 tertio
876 2266 1102 2320 tandem
1123 2267 1328 2339 populo
1350 2282 1472 2338 pro·
1577 2264 1806 2318 Terenti
1843 2264 2062 2320 fabulas
2103 2271 2268 2337 poeta
2306 2267 2428 2321 vivo
2457 2284 2576 2323 non

411 2336 590 2391 batur.
1510 2332 1687 2387 minus
1717 2333 1907 2387 amicis
1939 2334 2056 2388 eius
2093 2335 2370 2390 nobilibus
2401 2341 2575 2406 atque

479 2404 643 2457 Anno
674 2402 801 2471 594,
841 2402 1007 2473 paulo
1040 2407 1166 2473 post
1186 2408 1475 2485 peractam
1509 2406 1624 2455 toto
1676 2402 1880 2473 populo
1933 2403 2192 2473 probatas
2247 2410 2304 2457 et
2362 2421 2578 2475 magna

410 2472 717 2541 Hecyram,
762 2477 826 2525 ut
865 2470 1122 2526 arbitrari
1160 2472 1370 2541 hcetlss,
1415 2471 1474 2525 in
1508 2470 1670 2523 laude
1690 2470 1880 2537 elatas,
1905 2486 2070 2551 quam
2088 2488 2123 2526 a
2138 2472 2328 2541 paucis
2345 2473 2576 2542 quibus-

412 2538 706 2595 Graeciam
736 2538 1016 2610 profectus
1057 2544 1157 2609 est,
1197 2544 1260 2594 ut
1297 2556 1474 2595 mores
1511 2538 1637 2590 dam
1659 2538 2004 2607 adversariis,
2029 2554 2166 2608 quos
2189 2556 2221 2593 e
2245 2556 2468 2595 numero
2483 2542 2576 2595 in-

409 2606 771 2677 institutaque
797 2605 1149 2677 Graecorum,
1184 2607 1243 2661 in
1276 2609 1474 2689 quibus
1509 2604 1756 2659 vidorum
1803 2611 2088 2676 poetannn
2126 2608 2216 2662 vel
2255 2624 2439 2662 eorum
2480 2626 2574 2663 as-

412 2675 779 2746 exprimendis
818 2680 938 2731 tota
1004 2677 1128 2729 nasi
1168 2681 1474 2731 continetur
1509 2673 1683 2727 seclas
1723 2672 1892 2728 fuisse
1935 2675 2093 2729 nobis
2165 2677 2428 2730 utandum
2463 2682 2574 2747 est,

411 2760 551 2798 nova
574 2744 873 2813 comoedia,
904 2761 991 2798 me
1017 2744 1098 2798 ‘us
1122 2759 1186 2798 co
1264 2750 1474 2799 osceret
1508 2742 1738 2795 maxime
1797 2746 1978 2796 autem
2033 2759 2069 2796 a
2174 2744 2328 2797 nscio
2383 2745 2575 2799 Lanu-

407 2811 1473 2935 sssszm‘qmmwfflffss
1508 2810 1658 2931 {¹322
1692 2810 2575 2949 ὲῗήίἓξθηξθζαῖἓῧέῗὲἓῗ

410 2947 703 3002 contulisse
736 2948 998 3015 refertur,
1032 2951 1089 3001 et
1119 2964 1242 3001 cum
1272 2948 1470 3004 Volca·
1506 2918 1674 2999 tinnis
1697 2945 2078 3000 obtrectationi
2118 2964 2182 3000 us
2205 2954 2428 3002 vexatas
2448 2965 2577 3005 esse

410 3017 526 3071 cius
544 3022 652 3085 (ap.
680 3014 853 3082 Suet.)
878 3031 1002 3068 eum
1019 3015 1195 3069 Roma
1214 3016 1275 3069 in
1290 3018 1471 3070 Asiam
1505 3013 1617 3066 iam
1635 3029 1801 3083 supra
1817 3015 2057 3068 breviter
2071 3014 2443 3070 indicavimus.
2478 3020 2580 3074 vel

407 3084 514 3138 iter
546 3083 743 3137 fecisse
776 3082 942 3152 dicat,
974 3098 1084 3135 non
1116 3086 1200 3137 est
1219 3083 1339 3137 veri
1363 3083 1470 3137 dis·
1507 3082 1900 3135 contaminatas
1919 3098 2013 3136 eas
2033 3098 2170 3151 esse,
2193 3083 2230 3135 i.
2253 3100 2299 3138 e.
2321 3085 2578 3156 singulas

410 3151 585 3207 simile
654 3149 791 3205 rimo
825 3166 950 3203 eum
982 3150 1225 3220 aliquam
1247 3167 1470 3222 graeca·
1505 3148 1704 3202 latinas
1728 3165 1794 3202 ex
1817 3150 2183 3219 compluribus
2203 3152 2416 3222 graecis
2440 3170 2576 3207 con-

407 3237 531 3273 rum
560 3236 625 3271 ur
664 3219 777 3273 ium
798 3218 969 3271 Asiae
996 3218 1219 3272 minoris
1241 3218 1469 3287 adiisset,
1507 3221 1656 3271 sutas
1677 3217 2063 3286 miscendoque
2088 3225 2370 3301 corruptas
2379 3220 2442 3289 1⁷,
2478 3224 2578 3277 vel

408 3288 516 3341 hae
542 3285 687 3340 enim
709 3303 744 3340 a
782 3292 837 3340 te
857 3291 914 3339 et
937 3285 1021 3339 ‘in
1041 3284 1308 3341 Graeciae
1326 3292 1472 3341 terra
1506 3299 1616 3337 non
1654 3284 1766 3337 iam
1811 3301 2005 3356 novas,
2051 3288 2151 3341 sed
2190 3288 2409 3342 aliunde
2451 3306 2577 3343 sur-

408 3354 624 3408 ultima'
658 3358 715 3409 et
772 3354 830 3408 in
852 3353 1015 3407 Asia’
1052 3353 1188 3409 sitae
1220 3370 1338 3409 esse
1371 3372 1470 3425 pu-

1507 3408 1749 3498 Adelphop1
1761 3410 1911 3448 autem
1938 3407 2172 3498 prttiiiom
2187 3409 2246 3449 ad
2271 3410 2467 3459 priorem
2486 3410 2578 3453 ali·

1780 3470 1811 3497 n
2129 3486 2142 3500 .

460 3514 510 3552 13
554 3510 745 3551 Omnem
796 3510 1140 3551 didascaliarum
1182 3510 1472 3551 Terentiana-
1508 3469 2133 3551 quamglemgissgnnpemsffi
2156 3521 2340 3561 graecas
2367 3511 2578 3554 colonias

409 3574 509 3604 rum
525 3564 760 3609 rationem.
789 3573 845 3603 ex
871 3563 1031 3613 quibus
1058 3562 1253 3602 maxime
1272 3562 1471 3611 cognitio
1506 3560 1641 3601 Asiae
1667 3561 1856 3601 minoris
1881 3562 2066 3601 attribui
2092 3572 2149 3601 ex
2173 3564 2285 3612 Nep.
2312 3562 2425 3603 unt.
2451 3564 2520 3603 111
2547 3568 2579 3607 8

410 3616 565 3655 nostra
589 3614 755 3663 pendet
778 3615 1051 3663 temporum,
1081 3614 1241 3663 quibus
1269 3614 1472 3663 singulae
1507 3614 1704 3661 apparet.
1731 3612 1847 3651 hanc
1865 3612 2280 3661 interpretationem
2298 3614 2339 3653 si
2356 3615 2576 3669 accipin,

409 3664 589 3706 fabulae
623 3667 750 3705 actae
777 3666 823 3703 et
847 3666 1125 3714 conscriptae
1160 3666 1270 3713 sint,
1308 3665 1359 3704 in
1386 3664 1471 3705 Bh.
1507 3674 1599 3703 non
1633 3673 1742 3711 opus
1784 3663 1844 3702 sit
1881 3674 1983 3703 oum
2015 3664 2140 3703 Frid.
2175 3666 2330 3705 Leone
2365 3663 2575 3713 (Quaest-

408 3718 524 3758 Μαι.
567 3716 649 3756 XX
701 3716 905 3757 670-598
956 3718 1003 3757 et
1045 3716 1151 3755 XXI
1202 3716 1354 3756 64-92
1400 3727 1471 3756 ex·
1507 3715 1730 3775 Aristoph.
1780 3714 1894 3775 thes.
1937 3712 1997 3777 ξ)
2049 3715 2166 3763 apud
2206 3716 2468 3758 Volcacium
2519 3720 2580 3759 ὑι

408 3768 554 3819 posui.
1505 3765 1705 3805 Achatam
1721 3775 1802 3814 pro
1820 3775 1869 3804 m
1885 3762 2030 3805 Aetam
2045 3766 2260 3807 scribere.

462 3820 511 3860 18
554 3816 669 3858 Sunt
702 3817 780 3867 qui
816 3828 916 3857 oum
950 3818 1007 3857 Η.
1044 3816 1309 3857 Schindlero
1341 3814 1393 3867 (1.
1429 3828 1468 3858 c.
1555 3816 1606 3857 15
1620 3818 1800 3864 Izi-rore,
1812 3816 2060 3865 ntvidetnr,
2071 3818 2372 3870 Hieronymus
2381 3818 2578 3869 (Euseb.

408 3880 454 3920 1>-
473 3870 522 3911 ⁶1
541 3866 1469 3961 a>paxn12202e013230a2222220
1505 3866 2310 3970 arenas⁷sz50ssz220>m0m
2329 3869 2574 3921 Mm-

410 3932 615 4021 ἷὶθιῗιιιιῑηιος
650 3930 887 4020 ιιῐτιιιιῖφιο
912 3969 1144 4019 prologum
1171 3971 1267 4011 eius
1294 3981 1469 4011 oomoe·
1553 3972 1604 4011 16
1627 3970 1698 4011 De
1733 3945 1921 4011 nurnero
1957 3980 2110 4011 earum
2145 3982 2190 4011 v.
2226 3971 2346 4011 infra
2369 3971 2478 4012 adn.
2507 3975 2575 4015 ad

412 4024 516 4063 diae
540 4034 633 4062 non
660 4033 688 4061 a
711 4021 945 4070 Terentio,
983 4020 1103 4069 quod
1138 4020 1196 4061 de
1220 4022 1469 4070 posteriore
1503 4022 1593 4064 vit.
1613 4022 1717 4061 Ter.

409 4074 593 4123 prologo
621 4074 711 4113 iam
737 4074 937 4121 Guyetus
962 4071 1208 4120 suspicatus
1234 4076 1352 4123 erat,
1391 4074 1469 4113 sed
1554 4073 1603 4112 1¹1
1628 4073 1701 4112 De
1728 4072 2064 4113 contaminandi
2089 4072 2216 4113 verbi
2243 4074 2429 4114 notione
2446 4075 2578 4117 inter

411 4125 469 4172 ab
487 4124 711 4177 Ambivio,
738 4124 921 4164 domino
936 4122 1097 4175 gregis,
1124 4124 1338 4173 seriptum
1357 4135 1468 4177 esse,
1504 4123 1594 4163 alia
1609 4123 1764 4164 videas
1772 4134 1886 4173 quae
1901 4124 1970 4165 ed.
1983 4124 2241 4166 'l'eubmn'l
2251 4136 2317 4175 sq.
2333 4126 2574 4172 adnotavi.
