<?xml version="1.0" encoding="UTF-8"?>
<!DOCTYPE html PUBLIC "-//W3C//DTD XHTML 1.0 Transitional//EN"
    "http://www.w3.org/TR/xhtml1/DTD/xhtml1-transitional.dtd">
<html xmlns="http://www.w3.org/1999/xhtml" xml:lang="en" lang="en">
 <head>
  <title>
</title>
<meta http-equiv="Content-Type" content="text/html;charset=utf-8" />
  <meta name='ocr-system' content='tesseract 3.04.00' />
  <meta name='ocr-capabilities' content='ocr_page ocr_carea ocr_par ocr_line ocrx_word'/>
</head>
<body>
  <div class='ocr_page' id='page_1' title='image "./pterentiafricom02dziagoog_0051.png"; bbox 0 0 2725 4650; ppageno 0'>
   <div class='ocr_carea' id='block_1_1' title="bbox 559 1165 1909 1423">
    <p class='ocr_par' dir='ltr' id='par_1_1' title="bbox 559 1165 1909 1423">
     <span class='ocr_line' id='line_1_1' title="bbox 559 1165 1909 1260; baseline -0.004 -15"><span class='ocrx_word' id='word_1_1' title='bbox 559 1166 630 1244; x_wconf 87' lang='lat' dir='ltr'><strong>C.</strong></span> <span class='ocrx_word' id='word_1_2' title='bbox 690 1165 1167 1244; x_wconf 83' lang='lat' dir='ltr'><strong><em>SVETONI</em></strong></span> <span class='ocrx_word' id='word_1_3' title='bbox 1212 1165 1909 1260; x_wconf 74' lang='lat' dir='ltr'><em>TRANQVILLI</em></span> 
     </span>
     <span class='ocr_line' id='line_1_2' title="bbox 846 1355 1606 1423; baseline 0.007 -5"><span class='ocrx_word' id='word_1_4' title='bbox 846 1359 1074 1423; x_wconf 85' lang='lat' dir='ltr'><em>VITA</em></span> <span class='ocrx_word' id='word_1_5' title='bbox 1118 1355 1606 1423; x_wconf 82' lang='lat' dir='ltr'><em>TERENTI.</em></span> 
     </span>
    </p>
   </div>
   <div class='ocr_carea' id='block_1_2' title="bbox 1081 1547 1376 1558">
    <p class='ocr_par' dir='ltr' id='par_1_2' title="bbox 1081 1547 1376 1558">
     <span class='ocr_line' id='line_1_3' title="bbox 1081 1547 1376 1558; baseline 0 0"><span class='ocrx_word' id='word_1_6' title='bbox 1081 1547 1376 1558; x_wconf 95' lang='lat' dir='ltr'><strong> </strong></span> 
     </span>
    </p>
   </div>
   <div class='ocr_carea' id='block_1_3' title="bbox 114 1688 2184 1788">
    <p class='ocr_par' dir='ltr' id='par_1_3' title="bbox 25 1688 2184 1796">
     <span class='ocr_line' id='line_1_4' title="bbox 114 1688 2184 1788; baseline -0.005 -14.412"><span class='ocrx_word' id='word_1_7' title='bbox 114 1688 257 1788; x_wconf 43' lang='grc' dir='ltr'><strong>ἓξὲξ</strong></span> <span class='ocrx_word' id='word_1_8' title='bbox 408 1715 476 1769; x_wconf 93' lang='grc' dir='ltr'><strong>Ρ.</strong></span> <span class='ocrx_word' id='word_1_9' title='bbox 490 1713 783 1768; x_wconf 81' lang='lat' dir='ltr'>Terentius</span> <span class='ocrx_word' id='word_1_10' title='bbox 800 1712 1284 1785; x_wconf 71' lang='lat' dir='ltr'><strong>Afer-Carthagine</strong></span> <span class='ocrx_word' id='word_1_11' title='bbox 1304 1717 1464 1767; x_wconf 85' lang='lat' dir='ltr'><strong>natus</strong></span> <span class='ocrx_word' id='word_1_12' title='bbox 1485 1712 1676 1767; x_wconf 88' lang='lat' dir='ltr'><strong>seruiit</strong></span> <span class='ocrx_word' id='word_1_13' title='bbox 1693 1711 1901 1767; x_wconf 86' lang='lat' dir='ltr'><strong>Romae</strong></span> <span class='ocrx_word' id='word_1_14' title='bbox 1921 1709 2184 1765; x_wconf 85' lang='lat' dir='ltr'><strong>Terentio</strong></span> 
     </span>
    </p>
   </div>
   <div class='ocr_carea' id='block_1_4' title="bbox 25 1797 2290 4383">
    <p class='ocr_par' dir='ltr' id='par_1_4' title="bbox 188 1797 2252 2126">
     <span class='ocr_line' id='line_1_5' title="bbox 188 1797 2184 1869; baseline -0.002 -15"><span class='ocrx_word' id='word_1_15' title='bbox 188 1807 217 1846; x_wconf 76' lang='grc' dir='ltr'><strong>ὅ</strong></span> <span class='ocrx_word' id='word_1_16' title='bbox 253 1800 489 1855; x_wconf 86' lang='lat' dir='ltr'><strong>Lucano</strong></span> <span class='ocrx_word' id='word_1_17' title='bbox 521 1798 777 1867; x_wconf 86' lang='lat' dir='ltr'><strong>senatori,</strong></span> <span class='ocrx_word' id='word_1_18' title='bbox 812 1814 847 1852; x_wconf 89' lang='lat' dir='ltr'><strong>a</strong></span> <span class='ocrx_word' id='word_1_19' title='bbox 882 1813 989 1868; x_wconf 93' lang='lat' dir='ltr'><strong>quo</strong></span> <span class='ocrx_word' id='word_1_20' title='bbox 1022 1799 1094 1852; x_wconf 93' lang='lat' dir='ltr'><strong>ob</strong></span> <span class='ocrx_word' id='word_1_21' title='bbox 1125 1797 1408 1869; x_wconf 84' lang='lat' dir='ltr'><strong>ingenium</strong></span> <span class='ocrx_word' id='word_1_22' title='bbox 1443 1803 1499 1852; x_wconf 91' lang='lat' dir='ltr'><strong>et</strong></span> <span class='ocrx_word' id='word_1_23' title='bbox 1522 1798 1749 1852; x_wconf 90' lang='lat' dir='ltr'><strong>formam</strong></span> <span class='ocrx_word' id='word_1_24' title='bbox 1773 1814 1883 1851; x_wconf 92' lang='lat' dir='ltr'><strong>non</strong></span> <span class='ocrx_word' id='word_1_25' title='bbox 1903 1797 2184 1852; x_wconf 88' lang='lat' dir='ltr'><strong>institutus</strong></span> 
     </span>
     <span class='ocr_line' id='line_1_6' title="bbox 254 1881 2181 1952; baseline -0.002 -13"><span class='ocrx_word' id='word_1_26' title='bbox 254 1886 423 1939; x_wconf 90' lang='lat' dir='ltr'><strong>modo</strong></span> <span class='ocrx_word' id='word_1_27' title='bbox 444 1882 764 1951; x_wconf 81' lang='lat' dir='ltr'>liberaliter,</span> <span class='ocrx_word' id='word_1_28' title='bbox 797 1884 895 1937; x_wconf 88' lang='lat' dir='ltr'><strong>sed</strong></span> <span class='ocrx_word' id='word_1_29' title='bbox 919 1889 977 1936; x_wconf 90' lang='lat' dir='ltr'><strong>et</strong></span> <span class='ocrx_word' id='word_1_30' title='bbox 1006 1887 1217 1937; x_wconf 89' lang='lat' dir='ltr'><strong>mature</strong></span> <span class='ocrx_word' id='word_1_31' title='bbox 1241 1899 1406 1936; x_wconf 90' lang='lat' dir='ltr'><strong>manu</strong></span> <span class='ocrx_word' id='word_1_32' title='bbox 1427 1883 1624 1936; x_wconf 88' lang='lat' dir='ltr'><strong>missus</strong></span> <span class='ocrx_word' id='word_1_33' title='bbox 1648 1888 1748 1940; x_wconf 88' lang='lat' dir='ltr'><strong>est.</strong></span> <span class='ocrx_word' id='word_1_34' title='bbox 1806 1881 2031 1952; x_wconf 89' lang='lat' dir='ltr'><strong>quidam</strong></span> <span class='ocrx_word' id='word_1_35' title='bbox 2053 1898 2181 1952; x_wconf 88' lang='lat' dir='ltr'><strong>eap-</strong></span> 
     </span>
     <span class='ocr_line' id='line_1_7' title="bbox 255 1969 2186 2040; baseline -0.002 -14"><span class='ocrx_word' id='word_1_36' title='bbox 255 1977 377 2026; x_wconf 89' lang='lat' dir='ltr'><strong>tum</strong></span> <span class='ocrx_word' id='word_1_37' title='bbox 403 1986 521 2026; x_wconf 88' lang='lat' dir='ltr'><strong>esse</strong></span> <span class='ocrx_word' id='word_1_38' title='bbox 546 1969 881 2024; x_wconf 83' lang='lat' dir='ltr'><strong>existimant=</strong></span> <span class='ocrx_word' id='word_1_39' title='bbox 916 1970 1063 2040; x_wconf 91' lang='lat' dir='ltr'><strong>quod</strong></span> <span class='ocrx_word' id='word_1_40' title='bbox 1095 1969 1216 2024; x_wconf 90' lang='lat' dir='ltr'><strong>fieri</strong></span> <span class='ocrx_word' id='word_1_41' title='bbox 1248 1970 1399 2032; x_wconf 78' lang='lat' dir='ltr'><strong>nullo</strong></span> <span class='ocrx_word' id='word_1_42' title='bbox 1419 1970 1582 2024; x_wconf 90' lang='lat' dir='ltr'><strong>modo</strong></span> <span class='ocrx_word' id='word_1_43' title='bbox 1605 1971 1848 2040; x_wconf 89' lang='lat' dir='ltr'><strong>potuisse</strong></span> <span class='ocrx_word' id='word_1_44' title='bbox 1873 1970 2186 2024; x_wconf 81' lang='lat' dir='ltr'><strong>Fenestella</strong></span> 
     </span>
     <span class='ocr_line' id='line_1_8' title="bbox 258 2055 2252 2126; baseline -0.001 -15"><span class='ocrx_word' id='word_1_45' title='bbox 258 2059 441 2126; x_wconf 86' lang='lat' dir='ltr'><strong>docet,</strong></span> <span class='ocrx_word' id='word_1_46' title='bbox 474 2073 598 2111; x_wconf 87' lang='lat' dir='ltr'><strong>cum</strong></span> <span class='ocrx_word' id='word_1_47' title='bbox 628 2056 774 2110; x_wconf 88' lang='lat' dir='ltr'><strong>inter</strong></span> <span class='ocrx_word' id='word_1_48' title='bbox 804 2055 970 2110; x_wconf 88' lang='lat' dir='ltr'><strong>finem</strong></span> <span class='ocrx_word' id='word_1_49' title='bbox 1002 2057 1227 2111; x_wconf 87' lang='lat' dir='ltr'><strong>secundi</strong></span> <span class='ocrx_word' id='word_1_50' title='bbox 1249 2055 1452 2111; x_wconf 86' lang='lat' dir='ltr'><strong>Punici</strong></span> <span class='ocrx_word' id='word_1_51' title='bbox 1482 2056 1614 2110; x_wconf 88' lang='lat' dir='ltr'><strong>belli</strong></span> <span class='ocrx_word' id='word_1_52' title='bbox 1647 2061 1704 2112; x_wconf 90' lang='lat' dir='ltr'><strong>et</strong></span> <span class='ocrx_word' id='word_1_53' title='bbox 1723 2055 1942 2110; x_wconf 89' lang='lat' dir='ltr'><strong>initium</strong></span> <span class='ocrx_word' id='word_1_54' title='bbox 1965 2057 2114 2110; x_wconf 89' lang='lat' dir='ltr'><strong>tertii</strong></span> <span class='ocrx_word' id='word_1_55' title='bbox 2137 2067 2184 2110; x_wconf 81' lang='lat' dir='ltr'><strong>et</strong></span> <span class='ocrx_word' id='word_1_56' title='bbox 2217 2057 2252 2111; x_wconf 89' lang='lat'>5</span> 
     </span>
    </p>

    <p class='ocr_par' dir='ltr' id='par_1_5' title="bbox 25 2141 2290 4383">
     <span class='ocr_line' id='line_1_9' title="bbox 167 2141 2182 2213; baseline -0 -17"><span class='ocrx_word' id='word_1_57' title='bbox 167 2159 221 2196; x_wconf 85' lang='grc' dir='ltr'><strong>ιο</strong></span> <span class='ocrx_word' id='word_1_58' title='bbox 258 2149 425 2197; x_wconf 88' lang='lat' dir='ltr'><strong>natus</strong></span> <span class='ocrx_word' id='word_1_59' title='bbox 446 2145 511 2196; x_wconf 76' lang='lat' dir='ltr'><strong>sit</strong></span> <span class='ocrx_word' id='word_1_60' title='bbox 536 2148 595 2196; x_wconf 91' lang='lat' dir='ltr'><strong>et</strong></span> <span class='ocrx_word' id='word_1_61' title='bbox 614 2147 882 2211; x_wconf 82' lang='lat' dir='ltr'><strong>mortuus3</strong></span> <span class='ocrx_word' id='word_1_62' title='bbox 916 2158 1036 2210; x_wconf 91' lang='lat' dir='ltr'><strong>nec,</strong></span> <span class='ocrx_word' id='word_1_63' title='bbox 1072 2141 1120 2194; x_wconf 88' lang='lat' dir='ltr'><strong>si</strong></span> <span class='ocrx_word' id='word_1_64' title='bbox 1144 2159 1178 2196; x_wconf 91' lang='lat' dir='ltr'><strong>a</strong></span> <span class='ocrx_word' id='word_1_65' title='bbox 1202 2141 1456 2196; x_wconf 87' lang='lat' dir='ltr'><strong>Numidis</strong></span> <span class='ocrx_word' id='word_1_66' title='bbox 1480 2145 1578 2195; x_wconf 90' lang='lat' dir='ltr'><strong>aut</strong></span> <span class='ocrx_word' id='word_1_67' title='bbox 1601 2141 1854 2198; x_wconf 82' lang='lat' dir='ltr'><strong>Gaetulis</strong></span> <span class='ocrx_word' id='word_1_68' title='bbox 1877 2147 2070 2213; x_wconf 87' lang='lat' dir='ltr'><strong>captus</strong></span> <span class='ocrx_word' id='word_1_69' title='bbox 2093 2141 2182 2210; x_wconf 88' lang='lat' dir='ltr'><strong>sit,</strong></span> 
     </span>
     <span class='ocr_line' id='line_1_10' title="bbox 25 2227 2184 2298; baseline 0.002 -22"><span class='ocrx_word' id='word_1_70' title='bbox 25 2250 27 2276; x_wconf 78' lang='grc' dir='ltr'>ι</span> <span class='ocrx_word' id='word_1_71' title='bbox 119 2251 160 2290; x_wconf 76' lang='lat' dir='ltr'><strong>p.</strong></span> <span class='ocrx_word' id='word_1_72' title='bbox 178 2243 231 2282; x_wconf 72' lang='lat'><strong>27</strong></span> <span class='ocrx_word' id='word_1_73' title='bbox 262 2230 336 2283; x_wconf 89' lang='lat' dir='ltr'><strong>ad</strong></span> <span class='ocrx_word' id='word_1_74' title='bbox 356 2228 621 2281; x_wconf 80' lang='lat' dir='ltr'><strong>dominum</strong></span> <span class='ocrx_word' id='word_1_75' title='bbox 639 2228 945 2282; x_wconf 88' lang='lat' dir='ltr'><strong>Romanum</strong></span> <span class='ocrx_word' id='word_1_76' title='bbox 963 2227 1249 2298; x_wconf 90' lang='lat' dir='ltr'><strong>peruenire</strong></span> <span class='ocrx_word' id='word_1_77' title='bbox 1266 2227 1510 2298; x_wconf 87' lang='lat' dir='ltr'><strong>potuisse</strong></span> <span class='ocrx_word' id='word_1_78' title='bbox 1529 2227 1676 2282; x_wconf 91' lang='lat' dir='ltr'><strong>nullo</strong></span> <span class='ocrx_word' id='word_1_79' title='bbox 1701 2229 2023 2283; x_wconf 83' lang='lat' dir='ltr'><strong>commercio</strong></span> <span class='ocrx_word' id='word_1_80' title='bbox 2040 2229 2184 2282; x_wconf 88' lang='lat' dir='ltr'><strong>inter</strong></span> 
     </span>
     <span class='ocr_line' id='line_1_11' title="bbox 25 2303 1943 2386; baseline 0.002 -23"><span class='ocrx_word' id='word_1_81' title='bbox 25 2303 28 2363; x_wconf 55' lang='grc' dir='ltr'>ἱ</span> <span class='ocrx_word' id='word_1_82' title='bbox 257 2312 485 2368; x_wconf 88' lang='lat' dir='ltr'><strong>Italicos</strong></span> <span class='ocrx_word' id='word_1_83' title='bbox 512 2317 569 2367; x_wconf 84' lang='lat' dir='ltr'><strong>et</strong></span> <span class='ocrx_word' id='word_1_84' title='bbox 588 2313 755 2368; x_wconf 84' lang='lat' dir='ltr'><strong>Afros</strong></span> <span class='ocrx_word' id='word_1_85' title='bbox 778 2313 885 2367; x_wconf 91' lang='lat' dir='ltr'><strong>nisi</strong></span> <span class='ocrx_word' id='word_1_86' title='bbox 906 2318 1031 2385; x_wconf 89' lang='lat' dir='ltr'><strong>post</strong></span> <span class='ocrx_word' id='word_1_87' title='bbox 1056 2313 1292 2367; x_wconf 90' lang='lat' dir='ltr'><strong>deletam</strong></span> <span class='ocrx_word' id='word_1_88' title='bbox 1318 2311 1708 2386; x_wconf 80' lang='lat' dir='ltr'><strong>Carthaginem</strong></span> <span class='ocrx_word' id='word_1_89' title='bbox 1733 2318 1943 2385; x_wconf 90' lang='lat' dir='ltr'><strong>coepto.</strong></span> 
     </span>
     <span class='ocr_line' id='line_1_12' title="bbox 398 2398 2182 2470; baseline 0.002 -18"><span class='ocrx_word' id='word_1_90' title='bbox 398 2398 507 2453; x_wconf 91' lang='lat' dir='ltr'><strong>Hic</strong></span> <span class='ocrx_word' id='word_1_91' title='bbox 526 2416 648 2454; x_wconf 90' lang='lat' dir='ltr'><strong>cum</strong></span> <span class='ocrx_word' id='word_1_92' title='bbox 666 2398 852 2453; x_wconf 89' lang='lat' dir='ltr'><strong>multis</strong></span> <span class='ocrx_word' id='word_1_93' title='bbox 870 2398 1149 2454; x_wconf 87' lang='lat' dir='ltr'><strong>nobilibus</strong></span> <span class='ocrx_word' id='word_1_94' title='bbox 1166 2398 1514 2453; x_wconf 81' lang='lat' dir='ltr'><strong>familiariter</strong></span> <span class='ocrx_word' id='word_1_95' title='bbox 1530 2399 1682 2470; x_wconf 85' lang='lat' dir='ltr'><strong>uixit,</strong></span> <span class='ocrx_word' id='word_1_96' title='bbox 1695 2401 1793 2454; x_wconf 90' lang='lat' dir='ltr'><strong>sed</strong></span> <span class='ocrx_word' id='word_1_97' title='bbox 1810 2401 2042 2455; x_wconf 84' lang='lat' dir='ltr'><strong>maxime</strong></span> <span class='ocrx_word' id='word_1_98' title='bbox 2061 2417 2182 2455; x_wconf 89' lang='lat' dir='ltr'><strong>cum</strong></span> 
     </span>
     <span class='ocr_line' id='line_1_13' title="bbox 260 2483 2285 2559; baseline 0.001 -18"><span class='ocrx_word' id='word_1_99' title='bbox 260 2483 520 2555; x_wconf 80' lang='lat' dir='ltr'><strong>Scipione</strong></span> <span class='ocrx_word' id='word_1_100' title='bbox 553 2485 817 2540; x_wconf 79' lang='lat' dir='ltr'><strong>Africano</strong></span> <span class='ocrx_word' id='word_1_101' title='bbox 850 2492 907 2541; x_wconf 90' lang='lat' dir='ltr'><strong>et</strong></span> <span class='ocrx_word' id='word_1_102' title='bbox 938 2486 999 2541; x_wconf 84' lang='lat' dir='ltr'><strong>O.</strong></span> <span class='ocrx_word' id='word_1_103' title='bbox 1034 2486 1255 2555; x_wconf 88' lang='lat' dir='ltr'><strong>Laelio,</strong></span> <span class='ocrx_word' id='word_1_104' title='bbox 1297 2486 1497 2556; x_wconf 88' lang='lat' dir='ltr'><strong>quibus</strong></span> <span class='ocrx_word' id='word_1_105' title='bbox 1531 2488 1697 2540; x_wconf 87' lang='lat' dir='ltr'><strong>etiam</strong></span> <span class='ocrx_word' id='word_1_106' title='bbox 1729 2488 1970 2558; x_wconf 86' lang='lat' dir='ltr'><strong>eorporis</strong></span> <span class='ocrx_word' id='word_1_107' title='bbox 2002 2488 2184 2559; x_wconf 87' lang='lat' dir='ltr'><strong>gratia</strong></span> <span class='ocrx_word' id='word_1_108' title='bbox 2219 2490 2285 2544; x_wconf 83' lang='lat'><strong>10</strong></span> 
     </span>
     <span class='ocr_line' id='line_1_14' title="bbox 194 2570 2182 2644; baseline 0.001 -19"><span class='ocrx_word' id='word_1_109' title='bbox 194 2584 225 2625; x_wconf 80' lang='lat'><strong>15</strong></span> <span class='ocrx_word' id='word_1_110' title='bbox 260 2570 585 2625; x_wconf 86' lang='lat' dir='ltr'><strong>conciliatus</strong></span> <span class='ocrx_word' id='word_1_111' title='bbox 620 2571 981 2625; x_wconf 83' lang='lat' dir='ltr'><strong>existimatur:</strong></span> <span class='ocrx_word' id='word_1_112' title='bbox 1016 2572 1162 2644; x_wconf 90' lang='lat' dir='ltr'><strong>quod</strong></span> <span class='ocrx_word' id='word_1_113' title='bbox 1196 2575 1253 2626; x_wconf 90' lang='lat' dir='ltr'><strong>et</strong></span> <span class='ocrx_word' id='word_1_114' title='bbox 1282 2572 1464 2642; x_wconf 86' lang='lat' dir='ltr'><strong>ipsum</strong></span> <span class='ocrx_word' id='word_1_115' title='bbox 1493 2571 1807 2627; x_wconf 82' lang='lat' dir='ltr'><strong>Fenestella</strong></span> <span class='ocrx_word' id='word_1_116' title='bbox 1839 2573 2024 2644; x_wconf 85' lang='lat' dir='ltr'><strong>arguit</strong></span> <span class='ocrx_word' id='word_1_117' title='bbox 2055 2590 2182 2627; x_wconf 87' lang='lat' dir='ltr'><strong>con-</strong></span> 
     </span>
     <span class='ocr_line' id='line_1_15' title="bbox 255 2656 2185 2730; baseline 0.002 -20"><span class='ocrx_word' id='word_1_118' title='bbox 255 2656 491 2710; x_wconf 87' lang='lat' dir='ltr'><strong>tendens</strong></span> <span class='ocrx_word' id='word_1_119' title='bbox 508 2662 739 2725; x_wconf 90' lang='lat' dir='ltr'><strong>utroque</strong></span> <span class='ocrx_word' id='word_1_120' title='bbox 756 2657 1016 2711; x_wconf 89' lang='lat' dir='ltr'><strong>maiorem</strong></span> <span class='ocrx_word' id='word_1_121' title='bbox 1034 2662 1169 2711; x_wconf 82' lang='lat' dir='ltr'><strong>natu</strong></span> <span class='ocrx_word' id='word_1_122' title='bbox 1185 2656 1376 2724; x_wconf 87' lang='lat' dir='ltr'><strong>fuisse,</strong></span> <span class='ocrx_word' id='word_1_123' title='bbox 1387 2658 1636 2727; x_wconf 90' lang='lat' dir='ltr'><strong>quamuis</strong></span> <span class='ocrx_word' id='word_1_124' title='bbox 1655 2663 1711 2711; x_wconf 92' lang='lat' dir='ltr'><strong>et</strong></span> <span class='ocrx_word' id='word_1_125' title='bbox 1719 2659 1905 2730; x_wconf 82' lang='lat' dir='ltr'><strong>Nepos</strong></span> <span class='ocrx_word' id='word_1_126' title='bbox 1924 2660 2185 2728; x_wconf 77' lang='lat' dir='ltr'><strong>aequales</strong></span> 
     </span>
     <span class='ocr_line' id='line_1_16' title="bbox 25 2741 2183 2815; baseline 0.002 -20"><span class='ocrx_word' id='word_1_127' title='bbox 25 2806 27 2809; x_wconf 7' lang='lat' dir='ltr'>y</span> <span class='ocrx_word' id='word_1_128' title='bbox 260 2758 448 2796; x_wconf 89' lang='lat' dir='ltr'><strong>omnes</strong></span> <span class='ocrx_word' id='word_1_129' title='bbox 471 2741 642 2796; x_wconf 89' lang='lat' dir='ltr'><strong>fuisse</strong></span> <span class='ocrx_word' id='word_1_130' title='bbox 665 2742 851 2796; x_wconf 85' lang='lat' dir='ltr'><strong>tradat</strong></span> <span class='ocrx_word' id='word_1_131' title='bbox 874 2746 931 2795; x_wconf 91' lang='lat' dir='ltr'><strong>et</strong></span> <span class='ocrx_word' id='word_1_132' title='bbox 944 2741 1176 2797; x_wconf 88' lang='lat' dir='ltr'><strong>Porcius</strong></span> <span class='ocrx_word' id='word_1_133' title='bbox 1196 2742 1555 2812; x_wconf 81' lang='lat' dir='ltr'><strong>suspitionem</strong></span> <span class='ocrx_word' id='word_1_134' title='bbox 1573 2743 1642 2797; x_wconf 89' lang='lat' dir='ltr'><strong>de</strong></span> <span class='ocrx_word' id='word_1_135' title='bbox 1667 2743 2058 2799; x_wconf 86' lang='lat' dir='ltr'><strong>consuetudine</strong></span> <span class='ocrx_word' id='word_1_136' title='bbox 2079 2761 2183 2815; x_wconf 90' lang='lat' dir='ltr'><strong>per</strong></span> 
     </span>
     <span class='ocr_line' id='line_1_17' title="bbox 25 2818 617 2881; baseline 0.002 -3"><span class='ocrx_word' id='word_1_137' title='bbox 25 2818 28 2851; x_wconf 83' lang='lat'>¹</span> <span class='ocrx_word' id='word_1_138' title='bbox 257 2827 399 2881; x_wconf 87' lang='lat' dir='ltr'><strong>haec</strong></span> <span class='ocrx_word' id='word_1_139' title='bbox 418 2825 617 2881; x_wconf 88' lang='lat' dir='ltr'><strong>faciat:</strong></span> 
     </span>
     <span class='ocr_line' id='line_1_18' title="bbox 25 2852 2285 2986; baseline 0.004 -23"><span class='ocrx_word' id='word_1_140' title='bbox 25 2852 28 2977; x_wconf 42' lang='lat' dir='ltr'><strong>h</strong></span> <span class='ocrx_word' id='word_1_141' title='bbox 326 2908 478 2965; x_wconf 72' lang='lat' dir='ltr'><strong>Dum</strong></span> <span class='ocrx_word' id='word_1_142' title='bbox 502 2910 787 2966; x_wconf 67' lang='lat' dir='ltr'><strong>lasciuiam</strong></span> <span class='ocrx_word' id='word_1_143' title='bbox 809 2913 1074 2968; x_wconf 87' lang='lat' dir='ltr'><strong>nobilium</strong></span> <span class='ocrx_word' id='word_1_144' title='bbox 1100 2918 1157 2968; x_wconf 90' lang='lat' dir='ltr'><strong>et</strong></span> <span class='ocrx_word' id='word_1_145' title='bbox 1177 2910 1372 2969; x_wconf 78' lang='lat' dir='ltr'><strong>laudes</strong></span> <span class='ocrx_word' id='word_1_146' title='bbox 1396 2913 1612 2969; x_wconf 73' lang='lat' dir='ltr'><strong>fucosas</strong></span> <span class='ocrx_word' id='word_1_147' title='bbox 1633 2915 1792 2986; x_wconf 88' lang='lat' dir='ltr'><strong>petit,</strong></span> <span class='ocrx_word' id='word_1_148' title='bbox 2218 2918 2285 2973; x_wconf 87' lang='lat'><strong>15</strong></span> 
     </span>
     <span class='ocr_line' id='line_1_19' title="bbox 179 2980 1902 3069; baseline 0.005 -22"><span class='ocrx_word' id='word_1_149' title='bbox 179 3010 229 3047; x_wconf 86' lang='grc' dir='ltr'><strong>ιο</strong></span> <span class='ocrx_word' id='word_1_150' title='bbox 326 2996 477 3051; x_wconf 91' lang='lat' dir='ltr'><strong>Dum</strong></span> <span class='ocrx_word' id='word_1_151' title='bbox 499 2980 755 3051; x_wconf 76' lang='lat' dir='ltr'><strong>A&#39;fricani</strong></span> <span class='ocrx_word' id='word_1_152' title='bbox 777 2996 969 3053; x_wconf 73' lang='lat' dir='ltr'><strong>uocem</strong></span> <span class='ocrx_word' id='word_1_153' title='bbox 994 2999 1237 3053; x_wconf 89' lang='lat' dir='ltr'><strong>diuinam</strong></span> <span class='ocrx_word' id='word_1_154' title='bbox 1259 2996 1440 3054; x_wconf 85' lang='lat' dir='ltr'><strong>inhiat</strong></span> <span class='ocrx_word' id='word_1_155' title='bbox 1460 3000 1637 3054; x_wconf 87' lang='lat' dir='ltr'><strong>auidis</strong></span> <span class='ocrx_word' id='word_1_156' title='bbox 1661 2997 1902 3069; x_wconf 76' lang='lat' dir='ltr'><strong>auribus,</strong></span> 
     </span>
     <span class='ocr_line' id='line_1_20' title="bbox 327 3078 2034 3157; baseline 0.002 -22"><span class='ocrx_word' id='word_1_157' title='bbox 327 3078 479 3136; x_wconf 71' lang='lat' dir='ltr'><strong>Dum</strong></span> <span class='ocrx_word' id='word_1_158' title='bbox 502 3084 577 3136; x_wconf 88' lang='lat' dir='ltr'><strong>ad</strong></span> <span class='ocrx_word' id='word_1_159' title='bbox 600 3082 821 3137; x_wconf 87' lang='lat' dir='ltr'><strong>Philum</strong></span> <span class='ocrx_word' id='word_1_160' title='bbox 844 3100 902 3137; x_wconf 89' lang='lat' dir='ltr'><strong>se</strong></span> <span class='ocrx_word' id='word_1_161' title='bbox 928 3080 1168 3139; x_wconf 75' lang='lat' dir='ltr'><strong>cenitare</strong></span> <span class='ocrx_word' id='word_1_162' title='bbox 1192 3088 1249 3138; x_wconf 87' lang='lat' dir='ltr'><strong>et</strong></span> <span class='ocrx_word' id='word_1_163' title='bbox 1270 3082 1525 3140; x_wconf 73' lang='lat' dir='ltr'><strong>Laelium</strong></span> <span class='ocrx_word' id='word_1_164' title='bbox 1546 3082 1836 3156; x_wconf 78' lang='lat' dir='ltr'><strong>pulchrum</strong></span> <span class='ocrx_word' id='word_1_165' title='bbox 1859 3090 2034 3157; x_wconf 85' lang='lat' dir='ltr'><strong>putat,</strong></span> 
     </span>
     <span class='ocr_line' id='line_1_21' title="bbox 328 3164 2020 3240; baseline 0.004 -20"><span class='ocrx_word' id='word_1_166' title='bbox 328 3164 477 3221; x_wconf 73' lang='lat' dir='ltr'><strong>Dum</strong></span> <span class='ocrx_word' id='word_1_167' title='bbox 498 3167 560 3221; x_wconf 91' lang='lat' dir='ltr'><strong>in</strong></span> <span class='ocrx_word' id='word_1_168' title='bbox 581 3168 859 3222; x_wconf 85' lang='lat' dir='ltr'><strong>Albanum</strong></span> <span class='ocrx_word' id='word_1_169' title='bbox 882 3164 1075 3223; x_wconf 74' lang='lat' dir='ltr'><strong>erebro</strong></span> <span class='ocrx_word' id='word_1_170' title='bbox 1097 3170 1308 3240; x_wconf 84' lang='lat' dir='ltr'><strong>rapitur</strong></span> <span class='ocrx_word' id='word_1_171' title='bbox 1330 3168 1403 3225; x_wconf 75' lang='lat' dir='ltr'><strong>db</strong></span> <span class='ocrx_word' id='word_1_172' title='bbox 1427 3170 1618 3224; x_wconf 88' lang='lat' dir='ltr'><strong>florem</strong></span> <span class='ocrx_word' id='word_1_173' title='bbox 1641 3169 1839 3226; x_wconf 84' lang='lat' dir='ltr'><strong>aetatis</strong></span> <span class='ocrx_word' id='word_1_174' title='bbox 1863 3188 2020 3227; x_wconf 88' lang='lat' dir='ltr'><strong>suae:</strong></span> 
     </span>
     <span class='ocr_line' id='line_1_22' title="bbox 134 3250 1964 3327; baseline 0.004 -25"><span class='ocrx_word' id='word_1_175' title='bbox 134 3272 175 3311; x_wconf 77' lang='lat' dir='ltr'><strong>p.</strong></span> <span class='ocrx_word' id='word_1_176' title='bbox 195 3264 241 3303; x_wconf 82' lang='lat'><strong>28</strong></span> <span class='ocrx_word' id='word_1_177' title='bbox 331 3254 455 3306; x_wconf 67' lang='lat' dir='ltr'><strong>Suis</strong></span> <span class='ocrx_word' id='word_1_178' title='bbox 470 3253 720 3323; x_wconf 73' lang='lat' dir='ltr'><strong>postlatis</strong></span> <span class='ocrx_word' id='word_1_179' title='bbox 743 3250 910 3308; x_wconf 75' lang='lat' dir='ltr'><strong>rebus</strong></span> <span class='ocrx_word' id='word_1_180' title='bbox 934 3255 1004 3308; x_wconf 90' lang='lat' dir='ltr'><strong>ad</strong></span> <span class='ocrx_word' id='word_1_181' title='bbox 1029 3272 1295 3309; x_wconf 87' lang='lat' dir='ltr'><strong>summam</strong></span> <span class='ocrx_word' id='word_1_182' title='bbox 1319 3252 1562 3327; x_wconf 84' lang='lat' dir='ltr'><strong>inopiam</strong></span> <span class='ocrx_word' id='word_1_183' title='bbox 1586 3254 1841 3311; x_wconf 72' lang='lat' dir='ltr'><strong>redactus</strong></span> <span class='ocrx_word' id='word_1_184' title='bbox 1866 3262 1964 3313; x_wconf 86' lang='lat' dir='ltr'><strong>est.</strong></span> 
     </span>
     <span class='ocr_line' id='line_1_23' title="bbox 25 3318 2290 3429; baseline 0.002 -39"><span class='ocrx_word' id='word_1_185' title='bbox 25 3378 28 3429; x_wconf 48' lang='grc' dir='ltr'>ι</span> <span class='ocrx_word' id='word_1_186' title='bbox 330 3318 527 3409; x_wconf 63' lang='lat' dir='ltr'><strong>itaque</strong></span> <span class='ocrx_word' id='word_1_187' title='bbox 572 3354 638 3391; x_wconf 88' lang='lat' dir='ltr'><strong>ex</strong></span> <span class='ocrx_word' id='word_1_188' title='bbox 680 3344 975 3409; x_wconf 86' lang='lat' dir='ltr'><strong>conspectu</strong></span> <span class='ocrx_word' id='word_1_189' title='bbox 1014 3336 1255 3394; x_wconf 74' lang='lat' dir='ltr'><strong>omnium</strong></span> <span class='ocrx_word' id='word_1_190' title='bbox 1293 3342 1383 3395; x_wconf 80' lang='lat' dir='ltr'><strong>ubi</strong></span> <span class='ocrx_word' id='word_1_191' title='bbox 1420 3340 1540 3396; x_wconf 85' lang='lat' dir='ltr'><strong>abit</strong></span> <span class='ocrx_word' id='word_1_192' title='bbox 1578 3338 1844 3396; x_wconf 76' lang='lat' dir='ltr'><strong>Graeciae</strong></span> <span class='ocrx_word' id='word_1_193' title='bbox 1879 3341 1939 3395; x_wconf 90' lang='lat' dir='ltr'><strong>in</strong></span> <span class='ocrx_word' id='word_1_194' title='bbox 1978 3348 2180 3398; x_wconf 89' lang='lat' dir='ltr'><strong>terram</strong></span> <span class='ocrx_word' id='word_1_195' title='bbox 2219 3342 2290 3396; x_wconf 81' lang='lat'><strong>20</strong></span> 
     </span>
     <span class='ocr_line' id='line_1_24' title="bbox 25 3422 1436 3496; baseline 0.003 -19"><span class='ocrx_word' id='word_1_196' title='bbox 25 3434 27 3439; x_wconf 85' lang='grc'><strong>’</strong></span> <span class='ocrx_word' id='word_1_197' title='bbox 1169 3422 1436 3496; x_wconf 73' lang='lat' dir='ltr'><strong>ultimam,</strong></span> 
     </span>
     <span class='ocr_line' id='line_1_25' title="bbox 332 3504 1909 3581; baseline 0.004 -22"><span class='ocrx_word' id='word_1_198' title='bbox 332 3504 600 3562; x_wconf 72' lang='lat' dir='ltr'><strong>Mortuost</strong></span> <span class='ocrx_word' id='word_1_199' title='bbox 624 3504 951 3577; x_wconf 67' lang='lat' dir='ltr'><strong>Stymphali,</strong></span> <span class='ocrx_word' id='word_1_200' title='bbox 976 3508 1249 3565; x_wconf 82' lang='lat' dir='ltr'><strong>Arcadiae</strong></span> <span class='ocrx_word' id='word_1_201' title='bbox 1274 3513 1330 3564; x_wconf 80' lang='lat' dir='ltr'><strong>in</strong></span> <span class='ocrx_word' id='word_1_202' title='bbox 1352 3509 1582 3581; x_wconf 76' lang='lat' dir='ltr'><strong>oppido:</strong></span> <span class='ocrx_word' id='word_1_203' title='bbox 1606 3512 1685 3565; x_wconf 88' lang='lat' dir='ltr'><strong>nil</strong></span> <span class='ocrx_word' id='word_1_204' title='bbox 1707 3507 1909 3566; x_wconf 73' lang='lat' dir='ltr'><strong>Publio</strong></span> 
     </span>
     <span class='ocr_line' id='line_1_26' title="bbox 336 3572 1604 3666; baseline 0.005 -20"><span class='ocrx_word' id='word_1_205' title='bbox 336 3572 529 3661; x_wconf 59' lang='lat' dir='ltr'><strong>Scipio·</strong></span> <span class='ocrx_word' id='word_1_206' title='bbox 544 3602 649 3645; x_wconf 75' lang='lat' dir='ltr'><strong>tum</strong></span> <span class='ocrx_word' id='word_1_207' title='bbox 672 3589 895 3663; x_wconf 76' lang='lat' dir='ltr'><strong>profuit,</strong></span> <span class='ocrx_word' id='word_1_208' title='bbox 919 3593 997 3646; x_wconf 89' lang='lat' dir='ltr'><strong>nil</strong></span> <span class='ocrx_word' id='word_1_209' title='bbox 1020 3592 1263 3664; x_wconf 73' lang='lat' dir='ltr'><strong>Laelius,</strong></span> <span class='ocrx_word' id='word_1_210' title='bbox 1286 3596 1367 3649; x_wconf 92' lang='lat' dir='ltr'><strong>nil</strong></span> <span class='ocrx_word' id='word_1_211' title='bbox 1387 3594 1604 3666; x_wconf 74' lang='lat' dir='ltr'><strong>Furius,</strong></span> 
     </span>
     <span class='ocr_line' id='line_1_27' title="bbox 212 3673 1906 3751; baseline 0.008 -28"><span class='ocrx_word' id='word_1_212' title='bbox 212 3682 240 3723; x_wconf 75' lang='lat'><strong>5</strong></span> <span class='ocrx_word' id='word_1_213' title='bbox 333 3673 471 3731; x_wconf 73' lang='lat' dir='ltr'><strong>Tres</strong></span> <span class='ocrx_word' id='word_1_214' title='bbox 493 3693 595 3748; x_wconf 90' lang='lat' dir='ltr'><strong>per</strong></span> <span class='ocrx_word' id='word_1_215' title='bbox 615 3676 674 3731; x_wconf 93' lang='lat' dir='ltr'><strong>id</strong></span> <span class='ocrx_word' id='word_1_216' title='bbox 696 3674 913 3748; x_wconf 73' lang='lat' dir='ltr'><strong>tempus</strong></span> <span class='ocrx_word' id='word_1_217' title='bbox 939 3678 1034 3749; x_wconf 91' lang='lat' dir='ltr'><strong>qui</strong></span> <span class='ocrx_word' id='word_1_218' title='bbox 1056 3680 1346 3751; x_wconf 85' lang='lat' dir='ltr'><strong>agitabant</strong></span> <span class='ocrx_word' id='word_1_219' title='bbox 1367 3680 1581 3737; x_wconf 75' lang='lat' dir='ltr'><strong>ndbiles</strong></span> <span class='ocrx_word' id='word_1_220' title='bbox 1604 3680 1906 3739; x_wconf 86' lang='lat' dir='ltr'><strong>facillume:</strong></span> 
     </span>
     <span class='ocr_line' id='line_1_28' title="bbox 328 3759 2281 3845; baseline 0.007 -30"><span class='ocrx_word' id='word_1_221' title='bbox 328 3759 528 3817; x_wconf 75' lang='lat' dir='ltr'><strong>Eorum</strong></span> <span class='ocrx_word' id='word_1_222' title='bbox 549 3764 645 3817; x_wconf 90' lang='lat' dir='ltr'><strong>ille</strong></span> <span class='ocrx_word' id='word_1_223' title='bbox 669 3780 837 3834; x_wconf 88' lang='lat' dir='ltr'><strong>opera</strong></span> <span class='ocrx_word' id='word_1_224' title='bbox 859 3762 931 3821; x_wconf 77' lang='lat' dir='ltr'><strong>ne</strong></span> <span class='ocrx_word' id='word_1_225' title='bbox 962 3767 1179 3821; x_wconf 91' lang='lat' dir='ltr'><strong>domum</strong></span> <span class='ocrx_word' id='word_1_226' title='bbox 1206 3769 1428 3839; x_wconf 90' lang='lat' dir='ltr'><strong>quidem</strong></span> <span class='ocrx_word' id='word_1_227' title='bbox 1450 3770 1648 3825; x_wconf 69' lang='lat' dir='ltr'><strong>habuit</strong></span> <span class='ocrx_word' id='word_1_228' title='bbox 1670 3770 2086 3845; x_wconf 83' lang='lat' dir='ltr'><strong>conducticiam,</strong></span> <span class='ocrx_word' id='word_1_229' title='bbox 2211 3770 2281 3824; x_wconf 81' lang='lat'><strong>25</strong></span> 
     </span>
     <span class='ocr_line' id='line_1_29' title="bbox 332 3845 1916 3919; baseline 0.006 -18"><span class='ocrx_word' id='word_1_230' title='bbox 332 3845 535 3901; x_wconf 74' lang='lat' dir='ltr'><strong>Saltem</strong></span> <span class='ocrx_word' id='word_1_231' title='bbox 558 3853 619 3901; x_wconf 94' lang='lat' dir='ltr'><strong>ut</strong></span> <span class='ocrx_word' id='word_1_232' title='bbox 643 3855 787 3903; x_wconf 89' lang='lat' dir='ltr'><strong>esset</strong></span> <span class='ocrx_word' id='word_1_233' title='bbox 810 3848 920 3919; x_wconf 78' lang='lat' dir='ltr'><strong>qud</strong></span> <span class='ocrx_word' id='word_1_234' title='bbox 944 3851 1174 3907; x_wconf 88' lang='lat' dir='ltr'><strong>referret</strong></span> <span class='ocrx_word' id='word_1_235' title='bbox 1196 3852 1405 3910; x_wconf 77' lang='lat' dir='ltr'><strong>obitum</strong></span> <span class='ocrx_word' id='word_1_236' title='bbox 1429 3856 1635 3910; x_wconf 88' lang='lat' dir='ltr'><strong>domini</strong></span> <span class='ocrx_word' id='word_1_237' title='bbox 1657 3854 1916 3912; x_wconf 72' lang='lat' dir='ltr'><strong>seruolus.</strong></span> 
     </span>
     <span class='ocr_line' id='line_1_30' title="bbox 25 3930 2177 4011; baseline 0.006 -26"><span class='ocrx_word' id='word_1_238' title='bbox 25 4002 27 4011; x_wconf 23' lang='grc' dir='ltr'>ἰ</span> <span class='ocrx_word' id='word_1_239' title='bbox 398 3930 631 4004; x_wconf 85' lang='lat' dir='ltr'><strong>Scripsit</strong></span> <span class='ocrx_word' id='word_1_240' title='bbox 663 3936 973 3991; x_wconf 86' lang='lat' dir='ltr'><strong>comoedias</strong></span> <span class='ocrx_word' id='word_1_241' title='bbox 1005 3954 1116 4007; x_wconf 85' lang='lat' dir='ltr'><strong>sex,</strong></span> <span class='ocrx_word' id='word_1_242' title='bbox 1161 3954 1227 3993; x_wconf 89' lang='lat' dir='ltr'><strong>ex</strong></span> <span class='ocrx_word' id='word_1_243' title='bbox 1259 3940 1457 4009; x_wconf 88' lang='lat' dir='ltr'><strong>quibus</strong></span> <span class='ocrx_word' id='word_1_244' title='bbox 1487 3940 1722 4011; x_wconf 88' lang='lat' dir='ltr'><strong>primam</strong></span> <span class='ocrx_word' id='word_1_245' title='bbox 1753 3942 2022 3997; x_wconf 90' lang='lat' dir='ltr'><strong>Andriam</strong></span> <span class='ocrx_word' id='word_1_246' title='bbox 2055 3962 2177 3998; x_wconf 89' lang='lat' dir='ltr'><strong>cum</strong></span> 
     </span>
     <span class='ocr_line' id='line_1_31' title="bbox 25 4014 2177 4127; baseline 0.007 -57"><span class='ocrx_word' id='word_1_247' title='bbox 25 4014 28 4127; x_wconf 63' lang='grc' dir='ltr'>ι</span> <span class='ocrx_word' id='word_1_248' title='bbox 273 4018 533 4075; x_wconf 82' lang='lat' dir='ltr'><strong>aedilibus</strong></span> <span class='ocrx_word' id='word_1_249' title='bbox 578 4022 763 4091; x_wconf 82' lang='lat' dir='ltr'><strong>daret,</strong></span> <span class='ocrx_word' id='word_1_250' title='bbox 810 4022 991 4077; x_wconf 86' lang='lat' dir='ltr'><strong>iussus</strong></span> <span class='ocrx_word' id='word_1_251' title='bbox 1036 4029 1163 4079; x_wconf 87' lang='lat' dir='ltr'><strong>ante</strong></span> <span class='ocrx_word' id='word_1_252' title='bbox 1212 4023 1448 4081; x_wconf 82' lang='lat' dir='ltr'><strong>Caecilio</strong></span> <span class='ocrx_word' id='word_1_253' title='bbox 1491 4028 1724 4084; x_wconf 86' lang='lat' dir='ltr'><strong>recitare</strong></span> <span class='ocrx_word' id='word_1_254' title='bbox 1773 4030 1846 4083; x_wconf 90' lang='lat' dir='ltr'><strong>ad</strong></span> <span class='ocrx_word' id='word_1_255' title='bbox 1895 4038 2177 4085; x_wconf 87' lang='lat' dir='ltr'><strong>cenantem</strong></span> 
     </span>
     <span class='ocr_line' id='line_1_32' title="bbox 194 4103 2192 4184; baseline 0.012 -31"><span class='ocrx_word' id='word_1_256' title='bbox 194 4111 247 4154; x_wconf 84' lang='grc' dir='ltr'><strong>ιο</strong></span> <span class='ocrx_word' id='word_1_257' title='bbox 274 4117 387 4160; x_wconf 84' lang='lat' dir='ltr'><strong>cum</strong></span> <span class='ocrx_word' id='word_1_258' title='bbox 412 4103 681 4179; x_wconf 85' lang='lat' dir='ltr'><strong>uenisset,</strong></span> <span class='ocrx_word' id='word_1_259' title='bbox 716 4106 911 4165; x_wconf 81' lang='lat' dir='ltr'><strong>dicitur</strong></span> <span class='ocrx_word' id='word_1_260' title='bbox 941 4108 1154 4167; x_wconf 84' lang='lat' dir='ltr'><strong>initium</strong></span> <span class='ocrx_word' id='word_1_261' title='bbox 1186 4111 1410 4182; x_wconf 84' lang='lat' dir='ltr'><strong>quidem</strong></span> <span class='ocrx_word' id='word_1_262' title='bbox 1441 4112 1688 4184; x_wconf 73' lang='lat' dir='ltr'><strong>fabulae,</strong></span> <span class='ocrx_word' id='word_1_263' title='bbox 1723 4115 1874 4183; x_wconf 62' lang='lat' dir='ltr'><strong>quod,</strong></span> <span class='ocrx_word' id='word_1_264' title='bbox 1901 4120 2021 4174; x_wconf 75' lang='lat' dir='ltr'><strong>erat</strong></span> <span class='ocrx_word' id='word_1_265' title='bbox 2051 4132 2192 4175; x_wconf 82' lang='lat' dir='ltr'><strong>eon--</strong></span> 
     </span>
     <span class='ocr_line' id='line_1_33' title="bbox 25 4199 1807 4383; baseline 0.002 0"><span class='ocrx_word' id='word_1_266' title='bbox 25 4230 32 4383; x_wconf 74' lang='lat'><strong>&#39;1</strong></span> <span class='ocrx_word' id='word_1_267' title='bbox 1741 4199 1807 4250; x_wconf 50' lang='lat' dir='ltr'>P</span> 
     </span>
    </p>
   </div>
   <div class='ocr_carea' id='block_1_5' title="bbox 24 4516 65 4623">
    <p class='ocr_par' dir='ltr' id='par_1_6' title="bbox 24 4516 65 4623">
     <span class='ocr_line' id='line_1_34' title="bbox 24 4516 65 4623; baseline -0.024 0"><span class='ocrx_word' id='word_1_268' title='bbox 24 4516 65 4623; x_wconf 65' lang='grc' dir='ltr'><strong>ἰ,</strong></span> 
     </span>
    </p>
   </div>
  </div>
 </body>
</html>
