2725 4650
617 325 740 393 160
1404 337 1751 396 Pnomno
2320 389 2327 394 .
2512 341 2637 412 11,1

779 463 1088 528 Moniterl
1141 461 1266 530 Gn.
1295 463 1421 528 Vix
1446 462 1722 527 tandem.
1782 460 1911 526 Dn.
1946 461 2125 543 Quid
2148 462 2309 527 mihi
2333 462 2546 529 dicent

1456 557 1568 620 aut
1600 576 1795 639 quam
1830 577 2088 621 oausam
2121 557 2477 642 reperient?
2626 601 2645 620 .

473 657 576 713 235
778 651 1091 718 Demiror.
1138 649 1263 717 Gn.
1288 649 1495 735 Atqui
1511 649 1847 734 reperiam:
1878 649 2052 716 aliud
2066 651 2238 718 eura.
2272 651 2403 716 Dn.
2434 653 2549 716 An
2572 667 2599 709 ⁵

1451 742 1573 808 hoo
1604 743 1774 808 dioet
1806 743 1991 810 mihi:

778 841 1052 906 ‘Inuitus
1104 837 1247 906 feei.
1333 839 1439 904 lex
1490 837 1766 923 coegit’?
1824 838 2043 918 audio,
2105 838 2328 904 fateer.
2418 836 2549 904 Gn.

609 1027 732 1094 Dn.
769 1029 1014 1097 Verum
1053 1026 1373 1103 scientem,
1416 930 1697 1090 ιόξιίῗιῖῗιῗ.
1722 1046 1978 1091 causam
2022 1025 2269 1091 tredere
2311 1025 2549 1090 aduor-

1450 1118 1652 1196 seriis,

777 1213 1071 1278 Etiamne
1096 1213 1164 1277 id
1190 1212 1294 1279 lex
1321 1206 1567 1298 coegit?
1606 1210 1727 1274 Pu.
1754 1209 1923 1274 Illud
1952 1209 2199 1275 durum.
2240 1209 2365 1277 Gr..
2393 1210 2545 1298 Ego

1451 1302 1812 1388 expediam:
1848 1301 2006 1368 eine.

608 1401 734 1466 Da.
773 1401 1154 1468 Incertumet
1196 1399 1354 1483 quid
1397 1420 1605 1484 agam,
1648 1398 1801 1482 quia
1842 1406 2088 1482 praeter
2130 1420 2313 1484 spem
2346 1408 2544 1482 atque

1448 1486 1817 1556 incredibile
1849 1489 1971 1555 hoo
2007 1489 2095 1554 mi
2127 1491 2381 1578 obtigit:

471 1596 576 1650 240
775 1589 878 1654 Ita
919 1612 1061 1654 eum
1100 1587 1411 1663 inritatae,
1452 1585 1735 1651 animum
1777 1594 1848 1649 ut
1891 1606 2202 1668 nequeam
2246 1586 2330 1652 ad
2364 1586 2541 1672 eegi-
2568 1605 2617 1644 ιο

753 1683 760 1692 “
1452 1680 1717 1746 tandum
1746 1679 2087 1744 instituere.

778 1776 990 1857 Quam
1041 1776 1123 1842 ob
1175 1797 1310 1841 rem
1359 1774 1581 1851 emnia,
1631 1794 1825 1858 quom
1878 1773 2191 1838 secundae
2242 1796 2343 1839 res
2388 1785 2543 1838 sunt
2606 1823 2619 1837 .
2662 1831 2685 1856 ‚

1452 1871 1768 1944 maxume,
1803 1878 1941 1932 tum
1976 1870 2272 1932 maxume

777 1964 1079 2030 Meditari
1146 1986 1359 2029 secum
1418 1963 1697 2049 opertet,
1763 1982 1891 2045 quo
1951 1971 2139 2047 paeto
2198 1962 2541 2028 aduersam

1452 2058 1817 2122 aerumnam
1848 2055 2083 2121 ferant:

781 2149 1084 2238 [Periela,
1137 2151 1388 2228 damna,
1440 2150 1629 2215 exilia
1676 2171 1939 2235 peregre
1990 2150 2240 2216 rediens
2286 2173 2540 2238 semper
2651 2226 2657 2230 ‚

1450 2263 1525 2307 oo
1574 2239 1711 2328 'tet]

777 2340 914 2404 Aut
947 2338 1040 2403 fili
1073 2348 1403 2423 peceatum
1430 2266 1777 2401 autgluxoris
1802 2337 2070 2402 mertem
2104 2346 2217 2403 aut
2240 2337 2539 2403 morbum

1452 2431 1651 2508 ffliae3

472 2534 576 2613 23¹5
778 2527 1159 2595 Communia
1215 2548 1352 2593 esse
1418 2526 1602 2603 haee,
1662 2525 1804 2591 fieri
1853 2528 2068 2611 posse,
2127 2537 2198 2590 ut
2246 2530 2329 2591 ne
2378 2528 2540 2613 quid
2564 2548 2612 2589 ιε

1450 2620 1661 2685 animo
1696 2622 1776 2684 sit
1810 2640 2073 2696 nouom3

779 2715 1105 2801 Quidquid
1137 2725 1387 2801 praeter
1414 2737 1593 2801 spem
1618 2713 1885 2789 eueniat,
1922 2734 2107 2779 omne
2131 2713 2196 2777 id
2220 2714 2539 2799 deputare

1452 2830 1592 2873 esse
1623 2807 1692 2870 in
1724 2808 1919 2872 luero.

610 2900 730 2967 Gn.
777 2900 840 2965 O
883 2900 1228 2979 Phaedria,
1281 2896 1766 2985 incredibile[et]
1812 2910 2120 2983 quantum
2164 2923 2343 2966 erum
2383 2904 2539 2969 ante
2618 2908 2623 2915 ’

1448 3015 1524 3058 eo
1558 2993 1884 3078 sapientia.
2204 2990 2211 2995 ’

775 3088 1087 3154 Mediteta
1121 3087 1275 3153 mihi
1309 3098 1456 3153 sunt
1493 3088 1700 3151 emnia
1746 3110 1888 3153 mea
1928 3087 2343 3168 inoemmoda,
2386 3114 2535 3156 erus
2620 3165 2631 3175 ,

1450 3180 1504 3246 si
1536 3180 1817 3245 redierit:

774 3274 1207 3340 Molendumst
1248 3273 1313 3339 in
1355 3275 1648 3359 pisti-inc,
1694 3274 2155 3360 uapulendum‚
2199 3274 2539 3344 habendae

1448 3368 1586 3432 cem
1634 3366 1803 3446 edes,

470 3471 574 3525 250
776 3460 963 3548 Opus
1005 3462 1134 3526 ruri
1177 3461 1565 3527 faciundum.
1587 3390 1857 3527 pherum
1906 3462 1995 3527 nil
2038 3462 2379 3548 quiequam
2426 3469 2537 3531 εἰο-
2560 3484 2611 3525 ιο

1448 3555 1615 3620 oidet
1646 3556 1856 3620 anime
1886 3577 2137 3622 nouom.

776 3648 1102 3731 Quidquid
1125 3658 1374 3733 praeter
1402 3670 1581 3734 spem
1608 3649 1877 3727 eueniet,
1904 3668 2089 3715 omne
2116 3650 2183 3715 id
2208 3650 2535 3737 deputabo

1446 3765 1585 3808 esee
1615 3744 1684 3807 in
1715 3744 1911 3809 luero.

775 3835 909 3903 Sed
942 3836 1094 3920 quid
1129 3858 1334 3901 cessae
1370 3835 1684 3903 heminem
1719 3837 1893 3903 adire
1918 3847 1982 3903 et
2008 3836 2238 3903 blande
2264 3838 2334 3903 in
2356 3839 2533 3925 prin-

1450 3932 1611 4015 cipio
1644 3931 1940 4015 adloqui?

492 4086 496 4090 .
607 4023 730 4087 Dn.
773 4022 1154 4088 Phaedriam
1189 4024 1315 4089 mei
1347 4024 1557 4089 fratris
1584 4025 1771 4091 uideo
1794 4025 1997 4091 filium
2022 4026 2111 4090 mi
2134 4026 2227 4091 ire
2252 4026 2525 4093 ebuiam.
2668 4084 2670 4093 .

605 4118 723 4181 Pu.
765 4116 867 4180 Mi
894 4117 1139 4200 patrue,
1167 4117 1359 4183 salue.
1429 4117 1555 4183 Dn-
1606 4118 1806 4185 Selue
1815 4144 1834 4197 3
1870 4120 1985 4187 sed
2009 4119 2179 4185 ubist
2205 4101 2527 4206 Antipho?
2668 4104 2670 4111 ¹
