2725 4650
500 295 622 362 168
1289 307 1639 365 Pnonmo
2186 308 2263 378 11,
2292 310 2345 363 4.
2370 306 2481 377 111,
2504 308 2534 361 1

493 433 619 498 Dn.
663 432 777 500 Te.
833 432 989 499 Gn.
1043 428 1188 517 Ego
1229 453 1395 517 quae
1446 434 1512 495 in
1546 454 1681 497 rem
1724 441 1901 495 tuam
1944 430 2071 496 sint
2114 434 2191 498 ea
2234 431 2429 496 uelim

1341 525 1558 589 facias.
1612 524 1767 589 mihi
2670 479 2672 611 Α

353 626 460 681 450
667 618 777 687 Sic
810 617 929 684 hoc
962 618 1241 685 uidetur:
1275 619 1445 704 quod
1477 630 1542 684 te
1576 618 1837 685 absente
1870 618 1976 685 hic
2007 619 2175 684 filius
2452 638 2508 678 ιο

664 713 839 801 Egit,
873 713 1118 779 restitui
1150 713 1218 777 in
1247 715 1569 799 integrum
1600 723 1932 798 aequomst
1964 715 2028 778 et
2063 714 2323 791 bonum,

660 806 749 872 Et
780 808 848 872 id
878 806 1265 893 impetrabis.
1317 806 1468 871 dixi.
1536 805 1665 872 De.
1700 806 1827 873 Dic
1860 829 2050 886 nunc,
2084 807 2320 892 Hegio.

489 902 615 966 ΗΕ.
660 900 807 987 Ego
842 900 1062 966 sedulo
1096 899 1266 966 hunc
1301 900 1535 966 dixisse
1568 900 1785 978 cred03
1820 902 2045 966 uerum
2077 901 2243 978 itast,

661 992 854 1075 Quod
887 993 1173 1060 homines
1209 1004 1304 1059 tot
1337 994 1713 1061 sententiae:
1748 1016 1897 1059 suos
1931 996 2205 1079 quoique
2239 1015 2393 1059 mos.

353 1093 460 1150 455
661 1087 829 1153 Mihi
861 1087 986 1153 non
1021 1086 1274 1153 uidetur
1306 1087 1476 1171 quod
1508 1087 1591 1152 sit
1623 1087 1863 1153 factum
1894 1088 2160 1173 legibus,
2280 1096 2286 1099 ⁴
2446 1102 2499 1146 1⁵

656 1180 954 1248 Rescindi
1015 1203 1200 1266 posse
1210 1205 1229 1258 ;
1291 1192 1354 1245 et
1413 1182 1597 1291 turpe
1658 1182 1992 1267 inceptust.
2094 1180 2221 1245 Da.
2274 1180 2422 1258 Dic,

491 1369 624 1436 Om.
655 1367 801 1454 Ego
836 1368 1111 1454 amplius
1146 1273 1624 1434 delibgnantdum
1660 1369 1915 1433 censeo:

659 1462 791 1528 Res
815 1464 1126 1548 magnast.
1173 1462 1300 1526 ΗΕ.
1317 1461 1495 1527 Num
1518 1461 1671 1544 quid
1696 1462 1808 1527 nos
1834 1461 1970 1526 uis?
2004 1460 2128 1526 Dn.
2152 1460 2420 1526 Fecistis

655 1649 963 1714 Incertior
987 1670 1127 1713 sum
1154 1554 1571 1733 ωωῐέἓοιιιίιίι
1599 1647 1857 1713 dudum.
1890 1683 1977 1694 -
2014 1645 2136 1714 Gn.
2162 1648 2421 1733 Negant
2485 1679 2496 1690 ·

350 1750 454 1804 460
657 1742 942 1807 Redisse.
1028 1740 1154 1806 ΒΕ.
1189 1741 1418 1806 Frater
1449 1743 1547 1806 est
1580 1740 2008 1826 expectandus
2044 1740 2227 1806 mihi:
2444 1759 2496 1800 so

653 1835 720 1900 Is
773 1836 940 1920 quod
991 1834 1147 1899 mihi
1199 1834 1442 1901 dederit
1492 1834 1571 1899 de
1632 1834 1751 1899 hac
1800 1858 1871 1900 re
1932 1834 2292 1913 consilium,
2351 1834 2422 1899 id
2676 1854 2678 1986 A

654 2021 1102 2087 Percontatum
1135 2022 1242 2086 ibo
1277 1949 1664 2107 adegdlrtldm,
1701 2021 1913 2105 quoad
1944 2044 2011 2086 se
2044 2022 2327 2107 recipiat.

487 2112 611 2181 Gn.
654 2114 749 2179 At
791 2137 914 2201 ego
956 2097 1392 2201 Antiphonem
1436 2116 1755 2225 quaeram,
1808 2126 1879 2179 ut
1907 2136 2083 2199 -quae
2126 2126 2271 2180 acta
2312 2115 2419 2180 hic

653 2300 786 2370 Sed
829 2324 1049 2369 eccum
1099 2304 1308 2389 ipsum
1330 2210 1667 2414 eiiidddmiii
1710 2302 1990 2388 tempore
2026 2300 2153 2368 huc
2207 2324 2275 2369 se
2317 2301 2421 2370 re-
2678 2313 2680 2420 l

1329 2417 1557 2482 capere.

1070 2585 1137 2648 A
1153 2607 1194 2648 Ν
1210 2608 1248 2648 'r
1263 2608 1288 2648 1
1302 2608 1341 2648 ι»
1357 2607 1404 2648 11
1420 2606 1459 2650 o
1593 2581 1658 2650 G
1672 2606 1711 2647 n
1728 2607 1768 2647 'r
1784 2605 1825 2646 A

1072 2691 1455 2736 massonus
1591 2691 1813 2734 suavos

347 2781 453 2838 465
484 2774 608 2838 An·
651 2755 844 2838 Enim
869 2793 1043 2851 uero,
1079 2771 1383 2857 Antipho,
1420 2770 1805 2836 multimodis
1832 2791 1976 2835 cum
1998 2771 2161 2835 istoc
2189 2769 2399 2836 animo
2408 2796 2521 2848 m,1

535 2865 541 2872 ’
1327 2888 1397 2932 es
1430 2866 1912 2952 uituperandus:

651 2941 833 3025 Bane
867 2969 931 3025 te
964 2953 1112 3024 hinc
1145 2961 1353 3026 abisse
1388 2971 1453 3026 et
1484 2960 1682 3024 uitam
1708 2962 1884 3024 tuam
1911 2958 2240 3038 tutandam
2274 2959 2415 3024 aliis

1330 3052 1608 3119 dedisse!

652 3128 835 3212 Alios
853 3155 1025 3210 tuam
1050 3168 1184 3211 rem
1205 3148 1526 3213 credidisti
1541 3147 1744 3233 magis
1761 3168 1953 3231 quam
1978 3156 2105 3213 tete
2130 3146 2412 3212 animum

1327 3242 1743 3306 adum-suros?

651 3333 718 3398 N
716 3355 819 3397 am
869 3333 942 3397 ut
985 3347 1057 3398 ut
1099 3345 1276 3399 erant
1327 3335 1470 3414 alia,
1522 3335 1615 3401 illi
1656 3343 1825 3401 certe
1866 3334 2031 3418 quad
2072 3355 2246 3399 nunc
2296 3335 2415 3400 tibi

1332 3429 1563 3494 domist
1596 3429 1972 3504 consuleres,

653 3520 753 3586 Ne
771 3520 926 3604 quid
943 3532 1200 3609 propter
1215 3525 1392 3587 tuam
1410 3523 1599 3588 fidem
1618 3522 1881 3608 decepta
1896 3521 2217 3607 poteretur
2233 3522 2384 3586 mali
2394 3547 2411 3600 3
2468 3542 2497 3584 5

349 3625 453 3680 470
655 3613 827 3696 Quoi
860 3636 1031 3679 nunc
1063 3616 1330 3681 miserae
1374 3617 1519 3702 spes
1560 3636 1837 3702 opesque
1882 3616 2030 3680 sunt
2070 3615 2135 3680 in
2177 3625 2241 3680 te
2283 3637 2413 3680 uno

1325 3712 1542 3774 omnes
1576 3711 1752 3774 sitae.

488 3802 610 3869 Gn.
656 3801 744 3867 Et
778 3802 1055 3886 quidem,
1102 3825 1225 3880 ere,
1260 3826 1379 3869 nos
1414 3804 1542 3868 iam
1576 3803 1816 3868 dudum
1850 3802 1955 3868 hic
1988 3813 2052 3866 te
2088 3803 2415 3869 absentem

539 3943 544 3948 -
1319 3898 1702 3974 incusamus,
1739 3896 1851 3981 qui
1882 3895 2129 3961 abieris.

484 3991 607 4056 An.
651 3989 748 4055 Te
790 3988 1000 4076 ipsum
1035 3991 1435 4075 quaerebam.
1524 3988 1644 4055 Gn.
1690 3989 1825 4056 Sed
1866 4012 1947 4054 ea
1984 4011 2175 4054 causa
2216 3989 2417 4056 nihilo

1325 4082 1529 4168 magis
1565 4082 1929 4150 defecimus.
