2725 4650
155 330 226 400 v,
250 332 286 386 9
930 294 937 303 ⁶
1016 330 1436 386 ADELPHOE
2067 313 2194 385 2⁷9

256 452 382 518 Da.
422 433 774 540 optumam
810 453 1067 537 quidem
1100 454 1450 519 mulierem.
1524 454 1634 520 Sr.
1675 453 1761 521 Et
1796 454 2053 539 quidem
2090 458 2199 522 tuo

1098 547 1317 633 nepoti
1350 547 1540 612 huius
1574 548 1707 612 fflio
2059 600 2064 605 .

427 642 638 708 Hodie
682 642 885 729 prima
929 644 1271 707 mammam
1315 640 1487 706 dedit
1531 641 1706 708 haee.
1793 641 1922 707 Da.
1959 644 2195 711 Hercle
2229 650 2334 706 975

1105 756 1259 801 uero
1294 736 1480 813 serio,

429 830 759 915 Siquidem
794 829 996 917 prima
1024 830 1219 908 dedit,
1256 829 1430 894 haud
1458 828 1782 895 dubiumst
1807 834 1963 914 quin
1995 831 2198 897 emitti

1101 925 1371 1007 aequom
1404 924 1543 989 siet.

176 1034 233 1076 20
257 1017 373 1083 M1.
427 998 536 1083 Ob
590 1042 730 1085 eam
792 1020 964 1084 rem?
1047 1017 1175 1083 Dn.
1231 1015 1342 1083 Ob
1405 1040 1566 1083 eam.
1636 1018 1952 1103 postremo
2003 1043 2044 1084 a
2093 1043 2196 1086 me

1104 1112 1439 1197 argentum
1472 1112 1754 1196 quantist
1787 1112 2036 1177 sumito.

259 1205 369 1271 Sr.
420 1205 514 1269 Di
573 1206 720 1285 tibi,
771 1206 1048 1284 Demea,
1119 1207 1335 1270 omnes
1403 1227 1652 1292 semper
1709 1207 1920 1271 omnia
1979 1217 2196 1293 optata

1104 1298 1407 1365 offerant!

253 1393 375 1459 Μι.
434 1395 628 1481 Syre,
679 1394 1037 1481 processisti
1079 1394 1267 1459 hodie
1318 1393 1602 1479 pulchre.
1688 1393 1815 1459 Dn.
1860 1394 2192 1479 Siquidem

1098 1509 1305 1573 porro,
1341 1489 1563 1565 Micio,

425 1583 530 1647 Tu
564 1594 739 1647 tuom
773 1582 1054 1648 officium
1089 1582 1305 1659 facies,
1349 1593 1540 1666 atque
1575 1581 1724 1647 huic
1763 1583 2003 1667 aliquid
2035 1606 2194 1669 pau·
2227 1591 2330 1646 980

1097 1677 1231 1741 lum
1264 1678 1418 1761 prae
1453 1700 1646 1742 manu

422 1769 717 1849 Dederis,
754 1772 923 1836 unde
958 1773 1202 1835 utatur:
1238 1768 1461 1835 reddet
1495 1771 1610 1834 tibi
1646 1770 1790 1835 cito.
1865 1771 1986 1836 M1.
2023 1771 2193 1837 Istoe

1099 1864 1309 1928 uilius.

175 1976 228 2017 25
255 1960 376 2023 An.
421 1959 621 2047 Frugi
647 1960 915 2024 homost.
971 1957 1082 2025 Sr.
1114 1956 1407 2023 Reddam
1435 1957 1666 2034 hercle,
1697 1957 1780 2023 da
1802 1960 2010 2025 modo.
2064 1960 2189 2025 An.

1097 2033 1269 2137 Age,
1287 2050 1499 2137 pater!
1534 2051 1653 2116 M1.
1672 2052 1831 2117 Post
1849 2053 2187 2120 consulam.

253 2145 377 2211 Dn.
415 2146 655 2212 Faciet.
755 2145 864 2213 Sr.
920 2145 983 2211 Ο
1037 2147 1138 2210 uir
1188 2145 1480 2232 optume!
1577 2147 1700 2211 An.
1756 2144 1820 2212 O
1873 2150 2051 2233 pater
2104 2149 2192 2212 mi

1100 2239 1557 2306 festinissumel
1594 2276 1678 2286 -

251 2336 371 2402 M1.
422 2335 597 2418 Quid
631 2337 832 2401 istuc?
885 2359 1048 2420 quae
1083 2359 1185 2402 res
1220 2337 1352 2401 tam
1386 2345 1645 2419 repente
1679 2335 1884 2401 mores
1918 2339 2190 2402 mutauit

1093 2431 1274 2495 tuos?

423 2524 615 2606 Quod
668 2525 1066 2611 prolubium?
1118 2526 1282 2607 quae
1335 2523 1532 2588 istaec
1575 2522 1843 2588 subitast
1894 2525 2188 2610 lat-gitas?
2222 2530 2324 2585 985

1095 2617 1223 2683 Dn.
1259 2617 1495 2682 Dicam
1529 2617 1673 2682 tibi:

420 2696 510 2781 Vt
545 2714 610 2778 id
637 2714 1053 2791 ostenderem,
1088 2712 1262 2797 quod
1295 2723 1357 2778 te
1393 2711 1498 2776 isti
1523 2711 1774 2778 facilem
1808 2723 1870 2778 et
1896 2713 2188 2778 festiuom

1094 2815 1341 2893 putant,

172 2921 225 2961 ³0
419 2883 498 2967 id
533 2926 661 2968 non
694 2903 832 2968 fieri
868 2925 949 2968 ex
982 2902 1138 2966 uera
1170 2901 1305 2967 uita
1338 2903 1547 2985 neque
1581 2901 1741 2968 adeo
1769 2924 1850 2967 ex
1885 2923 2088 2986 aequo
2124 2905 2188 2967 et

422 3089 555 3156 Sed
624 3113 701 3156 ex
763 2996 1639 3248 adsentanfiinziidulgendo
1707 3101 1768 3155 et
1837 3091 2185 3178 largiendo,

1195 3205 1312 3249 oio.

420 3277 606 3344 Nunc
642 3279 799 3343 adeo
835 3279 889 3343 si
922 3278 1007 3342 ob
1042 3281 1183 3343 eam
1216 3300 1353 3342 rem
1388 3278 1570 3343 uobis
1605 3280 1750 3342 mea
1781 3279 1916 3346 uita
1956 3279 2183 3358 inuisa,

1091 3371 1435 3450 Aeschine,
1471 3382 1586 3450 est,

418 3465 591 3548 Quia
624 3488 750 3531 non
785 3465 953 3530 iusta
986 3464 1219 3531 iniusta
1253 3489 1510 3553 prorsus
1546 3465 1758 3532 omnia
1781 3466 2036 3532 omnino
2070 3468 2184 3533 ob-
2216 3471 2322 3527 990

416 3654 623 3719 Missa
665 3653 859 3721 faoioe
914 3581 1508 3731 ecffinffiigossmite,
1550 3652 1740 3718 facite
1785 3654 1956 3738 quod
2001 3655 2183 3721 uobis

169 3859 222 3901 ss
420 3841 553 3908 de
579 3842 633 3906 si
649 3842 718 3906 id
743 3842 930 3906 uoltis
948 3746 1370 3927 pdtillltgngzoe
1395 3863 1512 3906 uos
1538 3841 1792 3928 propter
1817 3842 2185 3909 adulescen-

414 4030 637 4095 Minus
684 4029 933 4108 uidetis,
988 3946 1506 4115 mag-iasminpense
1557 4030 1804 4116 cupitis,
1858 4030 2181 4098 consulitis

1094 4145 1339 4210 parum,
