<?xml version="1.0" encoding="UTF-8"?>
<!DOCTYPE html PUBLIC "-//W3C//DTD XHTML 1.0 Transitional//EN"
    "http://www.w3.org/TR/xhtml1/DTD/xhtml1-transitional.dtd">
<html xmlns="http://www.w3.org/1999/xhtml" xml:lang="en" lang="en">
 <head>
  <title>
</title>
<meta http-equiv="Content-Type" content="text/html;charset=utf-8" />
  <meta name='ocr-system' content='tesseract 3.04.00' />
  <meta name='ocr-capabilities' content='ocr_page ocr_carea ocr_par ocr_line ocrx_word'/>
</head>
<body>
  <div class='ocr_page' id='page_1' title='image "./pterentiafricom02dziagoog_0250.png"; bbox 0 0 2725 4650; ppageno 0'>
   <div class='ocr_carea' id='block_1_1' title="bbox 621 369 746 438">
    <p class='ocr_par' dir='ltr' id='par_1_1' title="bbox 621 369 746 438">
     <span class='ocr_line' id='line_1_1' title="bbox 621 369 746 438; baseline -0.016 0"><span class='ocrx_word' id='word_1_1' title='bbox 621 369 746 438; x_wconf 81' lang='lat'><strong>202</strong></span> 
     </span>
    </p>
   </div>
   <div class='ocr_carea' id='block_1_2' title="bbox 486 512 586 568">
    <p class='ocr_par' dir='ltr' id='par_1_2' title="bbox 486 512 586 568">
     <span class='ocr_line' id='line_1_2' title="bbox 486 512 586 568; baseline 0 0"><span class='ocrx_word' id='word_1_2' title='bbox 486 512 586 568; x_wconf 88' lang='grc'><strong>155</strong></span> 
     </span>
    </p>
   </div>
   <div class='ocr_carea' id='block_1_3' title="bbox 1426 371 2655 453">
    <p class='ocr_par' dir='ltr' id='par_1_3' title="bbox 1426 371 2655 453">
     <span class='ocr_line' id='line_1_3' title="bbox 1426 371 2655 453; baseline 0.001 -16"><span class='ocrx_word' id='word_1_3' title='bbox 1426 371 1735 437; x_wconf 64' lang='lat' dir='ltr'><strong>nucum</strong></span> <span class='ocrx_word' id='word_1_4' title='bbox 2552 381 2602 453; x_wconf 90' lang='lat'><strong>1,</strong></span> <span class='ocrx_word' id='word_1_5' title='bbox 2624 381 2655 437; x_wconf 80' lang='lat'>2</span> 
     </span>
    </p>
   </div>
   <div class='ocr_carea' id='block_1_4' title="bbox 786 503 2635 683">
    <p class='ocr_par' dir='ltr' id='par_1_4' title="bbox 786 503 2635 683">
     <span class='ocr_line' id='line_1_4' title="bbox 789 503 2635 592; baseline -0.004 -20"><span class='ocrx_word' id='word_1_6' title='bbox 789 503 1230 592; x_wconf 68' lang='lat' dir='ltr'><strong>Superbumst.</strong></span> <span class='ocrx_word' id='word_1_7' title='bbox 1293 504 1409 569; x_wconf 85' lang='lat' dir='ltr'><strong>sed</strong></span> <span class='ocrx_word' id='word_1_8' title='bbox 1440 503 1611 570; x_wconf 83' lang='lat' dir='ltr'><strong>illam</strong></span> <span class='ocrx_word' id='word_1_9' title='bbox 1640 507 1845 591; x_wconf 75' lang='lat' dir='ltr'><strong>spero,</strong></span> <span class='ocrx_word' id='word_1_10' title='bbox 1883 503 1994 569; x_wconf 91' lang='lat' dir='ltr'><strong>ubi</strong></span> <span class='ocrx_word' id='word_1_11' title='bbox 2028 503 2152 570; x_wconf 87' lang='lat' dir='ltr'><strong>hoe</strong></span> <span class='ocrx_word' id='word_1_12' title='bbox 2177 508 2558 592; x_wconf 76' lang='lat' dir='ltr'><strong>eognduerit</strong></span> <span class='ocrx_word' id='word_1_13' title='bbox 2583 523 2635 565; x_wconf 77' lang='lat' dir='ltr'><strong>so</strong></span> 
     </span>
     <span class='ocr_line' id='line_1_5' title="bbox 786 597 2436 683; baseline 0.001 -20"><span class='ocrx_word' id='word_1_14' title='bbox 786 599 852 663; x_wconf 88' lang='lat' dir='ltr'>N</span> <span class='ocrx_word' id='word_1_15' title='bbox 851 619 934 663; x_wconf 85' lang='lat' dir='ltr'><strong>on</strong></span> <span class='ocrx_word' id='word_1_16' title='bbox 966 597 1150 683; x_wconf 70' lang='lat' dir='ltr'><strong>pdsse</strong></span> <span class='ocrx_word' id='word_1_17' title='bbox 1183 618 1252 662; x_wconf 86' lang='lat' dir='ltr'><strong>se</strong></span> <span class='ocrx_word' id='word_1_18' title='bbox 1285 618 1535 662; x_wconf 88' lang='lat' dir='ltr'><strong>meeum</strong></span> <span class='ocrx_word' id='word_1_19' title='bbox 1568 598 1728 675; x_wconf 79' lang='lat' dir='ltr'><strong>esse,</strong></span> <span class='ocrx_word' id='word_1_20' title='bbox 1766 597 2080 662; x_wconf 85' lang='lat' dir='ltr'><strong>abituram</strong></span> <span class='ocrx_word' id='word_1_21' title='bbox 2114 598 2436 682; x_wconf 74' lang='lat' dir='ltr'><strong>denique-⁹</strong></span> 
     </span>
    </p>
   </div>
   <div class='ocr_carea' id='block_1_5' title="bbox 617 683 2557 774">
    <p class='ocr_par' dir='ltr' id='par_1_5' title="bbox 617 683 2557 774">
     <span class='ocr_line' id='line_1_6' title="bbox 617 683 2557 774; baseline -0.001 -15"><span class='ocrx_word' id='word_1_22' title='bbox 617 693 740 759; x_wconf 68' lang='lat' dir='ltr'><strong>Pu.</strong></span> <span class='ocrx_word' id='word_1_23' title='bbox 785 690 998 774; x_wconf 76' lang='lat' dir='ltr'><strong>Quid?</strong></span> <span class='ocrx_word' id='word_1_24' title='bbox 1048 691 1290 757; x_wconf 73' lang='lat' dir='ltr'><strong>interea</strong></span> <span class='ocrx_word' id='word_1_25' title='bbox 1338 691 1551 756; x_wconf 88' lang='lat' dir='ltr'><strong>ibatne</strong></span> <span class='ocrx_word' id='word_1_26' title='bbox 1604 691 1686 755; x_wconf 87' lang='lat' dir='ltr'><strong>ad</strong></span> <span class='ocrx_word' id='word_1_27' title='bbox 1729 683 2153 758; x_wconf 68' lang='lat' dir='ltr'><strong>Bacchidem?</strong></span> <span class='ocrx_word' id='word_1_28' title='bbox 2219 692 2341 758; x_wconf 71' lang='grc' dir='ltr'><strong>ΡΑ.</strong></span> <span class='ocrx_word' id='word_1_29' title='bbox 2390 691 2557 759; x_wconf 85' lang='lat' dir='ltr'><strong>Cot-</strong></span> 
     </span>
    </p>
   </div>
   <div class='ocr_carea' id='block_1_6' title="bbox 781 784 2555 1060">
    <p class='ocr_par' dir='ltr' id='par_1_6' title="bbox 781 784 2555 1060">
     <span class='ocr_line' id='line_1_7' title="bbox 787 784 2555 964; baseline -0.001 -16"><span class='ocrx_word' id='word_1_30' title='bbox 787 879 921 948; x_wconf 91' lang='lat' dir='ltr'><strong>Sed</strong></span> <span class='ocrx_word' id='word_1_31' title='bbox 951 880 1024 944; x_wconf 77' lang='lat' dir='ltr'><strong>ut</strong></span> <span class='ocrx_word' id='word_1_32' title='bbox 1055 879 1146 956; x_wconf 82' lang='lat' dir='ltr'><strong>fit,</strong></span> <span class='ocrx_word' id='word_1_33' title='bbox 1181 784 1721 964; x_wconf 43' lang='lat' dir='ltr'><strong>postquaxiindllinino</strong></span> <span class='ocrx_word' id='word_1_34' title='bbox 1745 879 2020 944; x_wconf 72' lang='lat' dir='ltr'><strong>alienum</strong></span> <span class='ocrx_word' id='word_1_35' title='bbox 2054 880 2137 944; x_wconf 84' lang='lat' dir='ltr'><strong>ab</strong></span> <span class='ocrx_word' id='word_1_36' title='bbox 2173 882 2312 946; x_wconf 72' lang='lat' dir='ltr'><strong>sese</strong></span> <span class='ocrx_word' id='word_1_37' title='bbox 2346 880 2555 958; x_wconf 90' lang='lat' dir='ltr'><strong>uidet,</strong></span> 
     </span>
     <span class='ocr_line' id='line_1_8' title="bbox 781 973 2445 1060; baseline -0.001 -20"><span class='ocrx_word' id='word_1_38' title='bbox 781 973 1076 1060; x_wconf 82' lang='lat' dir='ltr'><strong>Maligna</strong></span> <span class='ocrx_word' id='word_1_39' title='bbox 1107 973 1306 1038; x_wconf 87' lang='lat' dir='ltr'><strong>multo</strong></span> <span class='ocrx_word' id='word_1_40' title='bbox 1339 984 1407 1038; x_wconf 91' lang='lat' dir='ltr'><strong>et</strong></span> <span class='ocrx_word' id='word_1_41' title='bbox 1438 973 1640 1058; x_wconf 74' lang='lat' dir='ltr'><strong>magis</strong></span> <span class='ocrx_word' id='word_1_42' title='bbox 1676 994 1911 1058; x_wconf 74' lang='lat' dir='ltr'><strong>procax</strong></span> <span class='ocrx_word' id='word_1_43' title='bbox 1944 973 2115 1038; x_wconf 82' lang='lat' dir='ltr'><strong>faeta</strong></span> <span class='ocrx_word' id='word_1_44' title='bbox 2145 973 2290 1039; x_wconf 85' lang='lat' dir='ltr'><strong>ilico</strong></span> <span class='ocrx_word' id='word_1_45' title='bbox 2324 987 2445 1039; x_wconf 90' lang='lat' dir='ltr'><strong>est.</strong></span> 
     </span>
    </p>
   </div>
   <div class='ocr_carea' id='block_1_7' title="bbox 483 1065 2627 1153">
    <p class='ocr_par' dir='ltr' id='par_1_7' title="bbox 483 1065 2627 1153">
     <span class='ocr_line' id='line_1_9' title="bbox 483 1065 2627 1153; baseline 0 -21"><span class='ocrx_word' id='word_1_46' title='bbox 483 1075 586 1132; x_wconf 83' lang='lat'><strong>160</strong></span> <span class='ocrx_word' id='word_1_47' title='bbox 616 1067 738 1135; x_wconf 71' lang='lat' dir='ltr'><strong>Pu.</strong></span> <span class='ocrx_word' id='word_1_48' title='bbox 780 1069 846 1133; x_wconf 89' lang='lat' dir='ltr'>N</span> <span class='ocrx_word' id='word_1_49' title='bbox 844 1089 927 1132; x_wconf 84' lang='lat' dir='ltr'><strong>on</strong></span> <span class='ocrx_word' id='word_1_50' title='bbox 977 1067 1203 1153; x_wconf 74' lang='lat' dir='ltr'><strong>edepol</strong></span> <span class='ocrx_word' id='word_1_51' title='bbox 1251 1065 1500 1130; x_wconf 85' lang='lat' dir='ltr'><strong>mirum.</strong></span> <span class='ocrx_word' id='word_1_52' title='bbox 1601 1065 1721 1131; x_wconf 74' lang='grc' dir='ltr'><strong>ΡΑ.</strong></span> <span class='ocrx_word' id='word_1_53' title='bbox 1774 1067 1993 1150; x_wconf 84' lang='lat' dir='ltr'><strong>Atque</strong></span> <span class='ocrx_word' id='word_1_54' title='bbox 2054 1068 2134 1132; x_wconf 77' lang='lat' dir='ltr'><strong>ea</strong></span> <span class='ocrx_word' id='word_1_55' title='bbox 2192 1089 2293 1133; x_wconf 85' lang='lat' dir='ltr'><strong>res</strong></span> <span class='ocrx_word' id='word_1_56' title='bbox 2342 1068 2551 1132; x_wconf 86' lang='lat' dir='ltr'><strong>multo</strong></span> <span class='ocrx_word' id='word_1_57' title='bbox 2578 1083 2627 1125; x_wconf 78' lang='lat'><strong>85</strong></span> 
     </span>
    </p>
   </div>
   <div class='ocr_carea' id='block_1_8' title="bbox 483 1635 584 1692">
    <p class='ocr_par' dir='ltr' id='par_1_8' title="bbox 483 1635 584 1692">
     <span class='ocr_line' id='line_1_10' title="bbox 483 1635 584 1692; baseline 0.02 -2"><span class='ocrx_word' id='word_1_58' title='bbox 483 1635 584 1692; x_wconf 84' lang='lat'><strong>165</strong></span> 
     </span>
    </p>
   </div>
   <div class='ocr_carea' id='block_1_9' title="bbox 481 2101 584 2159">
    <p class='ocr_par' dir='ltr' id='par_1_9' title="bbox 481 2101 584 2159">
     <span class='ocr_line' id='line_1_11' title="bbox 481 2101 584 2159; baseline -0.019 -1"><span class='ocrx_word' id='word_1_59' title='bbox 481 2101 584 2159; x_wconf 76' lang='lat'><strong>1⁷0</strong></span> 
     </span>
    </p>
   </div>
   <div class='ocr_carea' id='block_1_10' title="bbox 483 2568 586 2625">
    <p class='ocr_par' dir='ltr' id='par_1_10' title="bbox 483 2568 586 2625">
     <span class='ocr_line' id='line_1_12' title="bbox 483 2568 586 2625; baseline -0.019 0"><span class='ocrx_word' id='word_1_60' title='bbox 483 2568 586 2625; x_wconf 86' lang='grc'><strong>175</strong></span> 
     </span>
    </p>
   </div>
   <div class='ocr_carea' id='block_1_11' title="bbox 615 2657 2215 2835">
    <p class='ocr_par' dir='ltr' id='par_1_11' title="bbox 615 2657 2215 2835">
     <span class='ocr_line' id='line_1_13' title="bbox 615 2657 2215 2835; baseline -0.002 -19"><span class='ocrx_word' id='word_1_61' title='bbox 615 2657 737 2816; x_wconf 60' lang='lat' dir='ltr'><strong>PH:</strong></span> <span class='ocrx_word' id='word_1_62' title='bbox 788 2751 979 2816; x_wconf 87' lang='lat' dir='ltr'><strong>Nune</strong></span> <span class='ocrx_word' id='word_1_63' title='bbox 1013 2750 1250 2815; x_wconf 73' lang='lat' dir='ltr'><strong>audies.</strong></span> <span class='ocrx_word' id='word_1_64' title='bbox 1318 2748 1552 2835; x_wconf 71' lang='lat' dir='ltr'><strong>primes</strong></span> <span class='ocrx_word' id='word_1_65' title='bbox 1588 2749 1723 2815; x_wconf 88' lang='lat' dir='ltr'><strong>dies</strong></span> <span class='ocrx_word' id='word_1_66' title='bbox 1756 2749 2215 2835; x_wconf 73' lang='lat' dir='ltr'><strong>eompluseulos</strong></span> 
     </span>
    </p>
   </div>
   <div class='ocr_carea' id='block_1_12' title="bbox 483 3034 586 3092">
    <p class='ocr_par' dir='ltr' id='par_1_12' title="bbox 483 3034 586 3092">
     <span class='ocr_line' id='line_1_14' title="bbox 483 3034 586 3092; baseline -0.029 0"><span class='ocrx_word' id='word_1_67' title='bbox 483 3034 586 3092; x_wconf 89' lang='grc'><strong>180</strong></span> 
     </span>
    </p>
   </div>
   <div class='ocr_carea' id='block_1_13' title="bbox 479 3687 582 3743">
    <p class='ocr_par' dir='ltr' id='par_1_13' title="bbox 479 3687 582 3743">
     <span class='ocr_line' id='line_1_15' title="bbox 479 3687 582 3743; baseline 0 0"><span class='ocrx_word' id='word_1_68' title='bbox 479 3687 582 3743; x_wconf 88' lang='grc'><strong>185</strong></span> 
     </span>
    </p>
   </div>
   <div class='ocr_carea' id='block_1_14' title="bbox 693 3774 2505 3868">
    <p class='ocr_par' dir='ltr' id='par_1_14' title="bbox 693 3774 2505 3868">
     <span class='ocr_line' id='line_1_16' title="bbox 693 3774 2505 3868; baseline 0.002 -28"><span class='ocrx_word' id='word_1_69' title='bbox 693 3862 697 3868; x_wconf 17' lang='grc'>1</span> <span class='ocrx_word' id='word_1_70' title='bbox 776 3775 1018 3841; x_wconf 71' lang='lat' dir='ltr'><strong>Dixere</strong></span> <span class='ocrx_word' id='word_1_71' title='bbox 1052 3798 1307 3843; x_wconf 86' lang='lat' dir='ltr'><strong>eausam</strong></span> <span class='ocrx_word' id='word_1_72' title='bbox 1339 3776 1552 3841; x_wconf 73' lang='lat' dir='ltr'><strong>neseio</strong></span> <span class='ocrx_word' id='word_1_73' title='bbox 1584 3797 1777 3860; x_wconf 90' lang='lat' dir='ltr'><strong>quam</strong></span> <span class='ocrx_word' id='word_1_74' title='bbox 1811 3786 1967 3840; x_wconf 90' lang='lat' dir='ltr'><strong>tum.</strong></span> <span class='ocrx_word' id='word_1_75' title='bbox 2036 3776 2263 3840; x_wconf 69' lang='lat' dir='ltr'><strong>iterum</strong></span> <span class='ocrx_word' id='word_1_76' title='bbox 2295 3774 2505 3843; x_wconf 73' lang='lat' dir='ltr'><strong>iubetz</strong></span> 
     </span>
    </p>
   </div>
   <div class='ocr_carea' id='block_1_15' title="bbox 478 4151 580 4208">
    <p class='ocr_par' dir='ltr' id='par_1_15' title="bbox 478 4151 580 4208">
     <span class='ocr_line' id='line_1_17' title="bbox 478 4151 580 4208; baseline -0.01 0"><span class='ocrx_word' id='word_1_77' title='bbox 478 4151 580 4208; x_wconf 83' lang='lat'><strong>190</strong></span> 
     </span>
    </p>
   </div>
   <div class='ocr_carea' id='block_1_16' title="bbox 780 1162 2635 2740">
    <p class='ocr_par' dir='ltr' id='par_1_16' title="bbox 780 1162 2635 2740">
     <span class='ocr_line' id='line_1_18' title="bbox 1458 1162 1755 1225; baseline 0.007 -2"><span class='ocrx_word' id='word_1_78' title='bbox 1458 1162 1755 1225; x_wconf 73' lang='lat' dir='ltr'><strong>maxume</strong></span> 
     </span>
     <span class='ocr_line' id='line_1_19' title="bbox 782 1251 2306 1338; baseline -0.001 -17"><span class='ocrx_word' id='word_1_79' title='bbox 782 1253 1077 1321; x_wconf 70' lang='lat' dir='ltr'><strong>Diiunxit</strong></span> <span class='ocrx_word' id='word_1_80' title='bbox 1108 1253 1287 1318; x_wconf 89' lang='lat' dir='ltr'><strong>illum</strong></span> <span class='ocrx_word' id='word_1_81' title='bbox 1323 1253 1407 1318; x_wconf 94' lang='lat' dir='ltr'><strong>ab</strong></span> <span class='ocrx_word' id='word_1_82' title='bbox 1438 1251 1566 1330; x_wconf 83' lang='lat' dir='ltr'><strong>illa,</strong></span> <span class='ocrx_word' id='word_1_83' title='bbox 1603 1263 1938 1338; x_wconf 87' lang='lat' dir='ltr'><strong>postquam</strong></span> <span class='ocrx_word' id='word_1_84' title='bbox 1972 1261 2036 1320; x_wconf 87' lang='lat' dir='ltr'><strong>et</strong></span> <span class='ocrx_word' id='word_1_85' title='bbox 2068 1254 2203 1338; x_wconf 86' lang='lat' dir='ltr'><strong>ipse</strong></span> <span class='ocrx_word' id='word_1_86' title='bbox 2237 1269 2306 1320; x_wconf 75' lang='lat' dir='ltr'><strong>se</strong></span> 
     </span>
     <span class='ocr_line' id='line_1_20' title="bbox 781 1346 2484 1433; baseline -0.002 -19"><span class='ocrx_word' id='word_1_87' title='bbox 781 1346 872 1414; x_wconf 79' lang='lat' dir='ltr'><strong>Et</strong></span> <span class='ocrx_word' id='word_1_88' title='bbox 902 1347 1077 1413; x_wconf 86' lang='lat' dir='ltr'><strong>illam</strong></span> <span class='ocrx_word' id='word_1_89' title='bbox 1109 1357 1174 1414; x_wconf 82' lang='lat' dir='ltr'><strong>et</strong></span> <span class='ocrx_word' id='word_1_90' title='bbox 1205 1346 1369 1411; x_wconf 84' lang='lat' dir='ltr'><strong>hane</strong></span> <span class='ocrx_word' id='word_1_91' title='bbox 1403 1367 1567 1430; x_wconf 88' lang='lat' dir='ltr'><strong>quae</strong></span> <span class='ocrx_word' id='word_1_92' title='bbox 1601 1346 1771 1410; x_wconf 77' lang='grc' dir='ltr'><strong>(1όωί</strong></span> <span class='ocrx_word' id='word_1_93' title='bbox 1802 1358 1940 1412; x_wconf 88' lang='lat' dir='ltr'><strong>erat</strong></span> <span class='ocrx_word' id='word_1_94' title='bbox 1972 1349 2272 1433; x_wconf 82' lang='lat' dir='ltr'><strong>cognouit</strong></span> <span class='ocrx_word' id='word_1_95' title='bbox 2306 1346 2484 1412; x_wconf 87' lang='lat' dir='ltr'><strong>satis.</strong></span> 
     </span>
     <span class='ocr_line' id='line_1_21' title="bbox 787 1435 2546 1528; baseline -0.001 -23"><span class='ocrx_word' id='word_1_96' title='bbox 787 1439 925 1528; x_wconf 90' lang='lat' dir='ltr'><strong>[Ad</strong></span> <span class='ocrx_word' id='word_1_97' title='bbox 943 1441 1301 1525; x_wconf 84' lang='lat' dir='ltr'><strong>exemplum</strong></span> <span class='ocrx_word' id='word_1_98' title='bbox 1321 1440 1650 1504; x_wconf 86' lang='lat' dir='ltr'><strong>ambarum</strong></span> <span class='ocrx_word' id='word_1_99' title='bbox 1666 1460 1872 1504; x_wconf 88' lang='lat' dir='ltr'><strong>mores</strong></span> <span class='ocrx_word' id='word_1_100' title='bbox 1888 1461 2107 1505; x_wconf 83' lang='lat' dir='ltr'><strong>earum</strong></span> <span class='ocrx_word' id='word_1_101' title='bbox 2126 1435 2546 1525; x_wconf 69' lang='lat' dir='ltr'><strong>existimans]</strong></span> 
     </span>
     <span class='ocr_line' id='line_1_22' title="bbox 782 1532 2210 1618; baseline 0 -19"><span class='ocrx_word' id='word_1_102' title='bbox 782 1535 987 1612; x_wconf 82' lang='lat' dir='ltr'><strong>Haeo,</strong></span> <span class='ocrx_word' id='word_1_103' title='bbox 1019 1534 1111 1598; x_wconf 84' lang='lat' dir='ltr'><strong>ita</strong></span> <span class='ocrx_word' id='word_1_104' title='bbox 1143 1532 1238 1598; x_wconf 88' lang='lat' dir='ltr'><strong>uti</strong></span> <span class='ocrx_word' id='word_1_105' title='bbox 1271 1532 1516 1599; x_wconf 72' lang='lat' dir='ltr'><strong>liberali</strong></span> <span class='ocrx_word' id='word_1_106' title='bbox 1550 1553 1688 1599; x_wconf 86' lang='lat' dir='ltr'><strong>esse</strong></span> <span class='ocrx_word' id='word_1_107' title='bbox 1722 1532 1976 1618; x_wconf 70' lang='lat' dir='ltr'><strong>ingenid</strong></span> <span class='ocrx_word' id='word_1_108' title='bbox 2011 1534 2210 1610; x_wconf 80' lang='lat' dir='ltr'><strong>decet,</strong></span> 
     </span>
     <span class='ocr_line' id='line_1_23' title="bbox 780 1627 2614 1711; baseline -0.001 -18"><span class='ocrx_word' id='word_1_109' title='bbox 780 1627 1043 1693; x_wconf 73' lang='lat' dir='ltr'><strong>Pudens</strong></span> <span class='ocrx_word' id='word_1_110' title='bbox 1077 1627 1385 1704; x_wconf 85' lang='lat' dir='ltr'><strong>modesta,</strong></span> <span class='ocrx_word' id='word_1_111' title='bbox 1419 1627 1821 1692; x_wconf 72' lang='lat' dir='ltr'><strong>ineemmoda</strong></span> <span class='ocrx_word' id='word_1_112' title='bbox 1854 1637 2045 1711; x_wconf 89' lang='lat' dir='ltr'><strong>atque</strong></span> <span class='ocrx_word' id='word_1_113' title='bbox 2079 1627 2337 1692; x_wconf 75' lang='lat' dir='ltr'><strong>iniurias</strong></span> <span class='ocrx_word' id='word_1_114' title='bbox 2565 1643 2614 1684; x_wconf 78' lang='lat'><strong>⁹⁰</strong></span> 
     </span>
     <span class='ocr_line' id='line_1_24' title="bbox 783 1721 2170 1806; baseline -0.002 -17"><span class='ocrx_word' id='word_1_115' title='bbox 783 1721 925 1789; x_wconf 85' lang='lat' dir='ltr'><strong>Viri</strong></span> <span class='ocrx_word' id='word_1_116' title='bbox 957 1721 1160 1786; x_wconf 75' lang='lat' dir='ltr'><strong>&lt;imnis</strong></span> <span class='ocrx_word' id='word_1_117' title='bbox 1193 1721 1360 1786; x_wconf 82' lang='lat' dir='ltr'><strong>ferre</strong></span> <span class='ocrx_word' id='word_1_118' title='bbox 1394 1730 1459 1786; x_wconf 89' lang='lat' dir='ltr'><strong>et</strong></span> <span class='ocrx_word' id='word_1_119' title='bbox 1493 1721 1707 1806; x_wconf 70' lang='lat' dir='ltr'><strong>tegere</strong></span> <span class='ocrx_word' id='word_1_120' title='bbox 1742 1721 2170 1786; x_wconf 76' lang='lat' dir='ltr'><strong>contumelias.</strong></span> 
     </span>
     <span class='ocr_line' id='line_1_25' title="bbox 781 1812 2101 1899; baseline -0.001 -20"><span class='ocrx_word' id='word_1_121' title='bbox 781 1815 912 1880; x_wconf 89' lang='lat' dir='ltr'><strong>Hie</strong></span> <span class='ocrx_word' id='word_1_122' title='bbox 944 1815 1139 1879; x_wconf 67' lang='lat' dir='ltr'><strong>animi</strong></span> <span class='ocrx_word' id='word_1_123' title='bbox 1170 1813 1401 1899; x_wconf 83' lang='lat' dir='ltr'><strong>partim</strong></span> <span class='ocrx_word' id='word_1_124' title='bbox 1434 1815 1645 1879; x_wconf 73' lang='lat' dir='ltr'><strong>uxdris</strong></span> <span class='ocrx_word' id='word_1_125' title='bbox 1678 1812 2101 1880; x_wconf 65' lang='lat' dir='ltr'><strong>misericerdia</strong></span> 
     </span>
     <span class='ocr_line' id='line_1_26' title="bbox 783 1906 2164 1993; baseline -0.001 -20"><span class='ocrx_word' id='word_1_126' title='bbox 783 1907 1164 1985; x_wconf 69' lang='lat' dir='ltr'><strong>DeuinetuS,</strong></span> <span class='ocrx_word' id='word_1_127' title='bbox 1199 1907 1429 1993; x_wconf 86' lang='lat' dir='ltr'><strong>partim</strong></span> <span class='ocrx_word' id='word_1_128' title='bbox 1462 1910 1667 1972; x_wconf 78' lang='lat' dir='ltr'><strong>uictus</strong></span> <span class='ocrx_word' id='word_1_129' title='bbox 1702 1906 1890 1972; x_wconf 89' lang='lat' dir='ltr'><strong>huius</strong></span> <span class='ocrx_word' id='word_1_130' title='bbox 1922 1907 2164 1972; x_wconf 74' lang='lat' dir='ltr'><strong>iniuriis</strong></span> 
     </span>
     <span class='ocr_line' id='line_1_27' title="bbox 781 1999 2492 2086; baseline -0.001 -18"><span class='ocrx_word' id='word_1_131' title='bbox 781 2000 1102 2068; x_wconf 74' lang='lat' dir='ltr'><strong>Paulatim</strong></span> <span class='ocrx_word' id='word_1_132' title='bbox 1136 2002 1416 2086; x_wconf 80' lang='lat' dir='ltr'><strong>elapsast</strong></span> <span class='ocrx_word' id='word_1_133' title='bbox 1448 1999 1754 2068; x_wconf 60' lang='lat' dir='ltr'><strong>Bacchidi</strong></span> <span class='ocrx_word' id='word_1_134' title='bbox 1787 2011 1981 2085; x_wconf 87' lang='lat' dir='ltr'><strong>atque</strong></span> <span class='ocrx_word' id='word_1_135' title='bbox 2013 2001 2140 2066; x_wconf 83' lang='lat' dir='ltr'><strong>hue</strong></span> <span class='ocrx_word' id='word_1_136' title='bbox 2172 2000 2492 2066; x_wconf 78' lang='lat' dir='ltr'><strong>transtulit</strong></span> 
     </span>
     <span class='ocr_line' id='line_1_28' title="bbox 785 2094 2611 2180; baseline -0.001 -19"><span class='ocrx_word' id='word_1_137' title='bbox 785 2097 1107 2173; x_wconf 74' lang='lat' dir='ltr'><strong>Amdrem,</strong></span> <span class='ocrx_word' id='word_1_138' title='bbox 1141 2104 1479 2180; x_wconf 80' lang='lat' dir='ltr'><strong>postquam</strong></span> <span class='ocrx_word' id='word_1_139' title='bbox 1512 2096 1628 2180; x_wconf 74' lang='lat' dir='ltr'><strong>par</strong></span> <span class='ocrx_word' id='word_1_140' title='bbox 1659 2094 1986 2180; x_wconf 83' lang='lat' dir='ltr'>ingenium</span> <span class='ocrx_word' id='word_1_141' title='bbox 2018 2097 2241 2160; x_wconf 70' lang='lat' dir='ltr'><strong>nactus</strong></span> <span class='ocrx_word' id='word_1_142' title='bbox 2274 2106 2391 2161; x_wconf 81' lang='lat' dir='ltr'><strong>est.</strong></span> <span class='ocrx_word' id='word_1_143' title='bbox 2560 2110 2611 2153; x_wconf 76' lang='lat'><strong>⁹5</strong></span> 
     </span>
     <span class='ocr_line' id='line_1_29' title="bbox 783 2186 2252 2278; baseline -0.001 -24"><span class='ocrx_word' id='word_1_144' title='bbox 783 2189 1038 2254; x_wconf 75' lang='lat' dir='ltr'><strong>Interea</strong></span> <span class='ocrx_word' id='word_1_145' title='bbox 1069 2188 1138 2252; x_wconf 86' lang='lat' dir='ltr'><strong>in</strong></span> <span class='ocrx_word' id='word_1_146' title='bbox 1174 2188 1390 2278; x_wconf 82' lang='lat' dir='ltr'><strong>Imbro</strong></span> <span class='ocrx_word' id='word_1_147' title='bbox 1425 2186 1685 2252; x_wconf 75' lang='lat' dir='ltr'><strong>mdritur</strong></span> <span class='ocrx_word' id='word_1_148' title='bbox 1718 2189 2022 2273; x_wconf 72' lang='lat' dir='ltr'><strong>cognatus</strong></span> <span class='ocrx_word' id='word_1_149' title='bbox 2058 2210 2252 2253; x_wconf 87' lang='lat' dir='ltr'><strong>senex</strong></span> 
     </span>
     <span class='ocr_line' id='line_1_30' title="bbox 782 2279 2283 2369; baseline -0.001 -21"><span class='ocrx_word' id='word_1_150' title='bbox 782 2283 1078 2348; x_wconf 76' lang='lat' dir='ltr'><strong>Horunez</strong></span> <span class='ocrx_word' id='word_1_151' title='bbox 1122 2303 1200 2349; x_wconf 89' lang='lat' dir='ltr'><strong>ea</strong></span> <span class='ocrx_word' id='word_1_152' title='bbox 1233 2281 1316 2348; x_wconf 90' lang='lat' dir='ltr'><strong>ad</strong></span> <span class='ocrx_word' id='word_1_153' title='bbox 1349 2281 1466 2347; x_wconf 86' lang='lat' dir='ltr'><strong>hos</strong></span> <span class='ocrx_word' id='word_1_154' title='bbox 1501 2279 1745 2348; x_wconf 76' lang='lat' dir='ltr'>redibat</span> <span class='ocrx_word' id='word_1_155' title='bbox 1778 2281 1920 2369; x_wconf 85' lang='lat' dir='ltr'><strong>lege</strong></span> <span class='ocrx_word' id='word_1_156' title='bbox 1955 2280 2283 2348; x_wconf 79' lang='lat' dir='ltr'><strong>hereditas.</strong></span> 
     </span>
     <span class='ocr_line' id='line_1_31' title="bbox 784 2374 2527 2461; baseline -0.001 -19"><span class='ocrx_word' id='word_1_157' title='bbox 784 2376 888 2442; x_wconf 85' lang='lat' dir='ltr'><strong>Eo</strong></span> <span class='ocrx_word' id='word_1_158' title='bbox 923 2378 1239 2442; x_wconf 75' lang='lat' dir='ltr'><strong>amantem</strong></span> <span class='ocrx_word' id='word_1_159' title='bbox 1270 2375 1542 2440; x_wconf 86' lang='lat' dir='ltr'><strong>inuitum</strong></span> <span class='ocrx_word' id='word_1_160' title='bbox 1574 2374 1981 2460; x_wconf 75' lang='lat' dir='ltr'><strong>Pamphilum</strong></span> <span class='ocrx_word' id='word_1_161' title='bbox 2016 2376 2291 2441; x_wconf 82' lang='lat' dir='ltr'><strong>extrudit</strong></span> <span class='ocrx_word' id='word_1_162' title='bbox 2324 2387 2527 2461; x_wconf 86' lang='lat' dir='ltr'><strong>pater.</strong></span> 
     </span>
     <span class='ocr_line' id='line_1_32' title="bbox 783 2467 2399 2553; baseline -0.002 -17"><span class='ocrx_word' id='word_1_163' title='bbox 783 2469 1108 2553; x_wconf 82' lang='lat' dir='ltr'><strong>Relinquit</strong></span> <span class='ocrx_word' id='word_1_164' title='bbox 1143 2491 1288 2535; x_wconf 87' lang='lat' dir='ltr'><strong>eum</strong></span> <span class='ocrx_word' id='word_1_165' title='bbox 1321 2478 1523 2535; x_wconf 85' lang='lat' dir='ltr'><strong>matre</strong></span> <span class='ocrx_word' id='word_1_166' title='bbox 1556 2467 1660 2534; x_wconf 91' lang='lat' dir='ltr'><strong>hie</strong></span> <span class='ocrx_word' id='word_1_167' title='bbox 1692 2489 1954 2535; x_wconf 85' lang='lat' dir='ltr'><strong>uxorem</strong></span> <span class='ocrx_word' id='word_1_168' title='bbox 1966 2489 1985 2546; x_wconf 70' lang='grc' dir='ltr'><strong>’ς</strong></span> <span class='ocrx_word' id='word_1_169' title='bbox 2021 2471 2166 2535; x_wconf 77' lang='lat' dir='ltr'><strong>nam</strong></span> <span class='ocrx_word' id='word_1_170' title='bbox 2202 2492 2399 2535; x_wconf 82' lang='lat' dir='ltr'>senex</span> 
     </span>
     <span class='ocr_line' id='line_1_33' title="bbox 785 2562 2635 2640; baseline -0.004 -10"><span class='ocrx_word' id='word_1_171' title='bbox 785 2564 923 2631; x_wconf 88' lang='lat' dir='ltr'><strong>Rus</strong></span> <span class='ocrx_word' id='word_1_172' title='bbox 957 2563 1200 2628; x_wconf 74' lang='lat' dir='ltr'><strong>abdidit</strong></span> <span class='ocrx_word' id='word_1_173' title='bbox 1231 2585 1318 2640; x_wconf 90' lang='lat' dir='ltr'><strong>se,</strong></span> <span class='ocrx_word' id='word_1_174' title='bbox 1353 2562 1481 2627; x_wconf 83' lang='lat' dir='ltr'><strong>hue</strong></span> <span class='ocrx_word' id='word_1_175' title='bbox 1513 2564 1656 2627; x_wconf 70' lang='lat' dir='ltr'><strong>raro</strong></span> <span class='ocrx_word' id='word_1_176' title='bbox 1689 2562 1756 2627; x_wconf 89' lang='lat' dir='ltr'><strong>in</strong></span> <span class='ocrx_word' id='word_1_177' title='bbox 1789 2563 2012 2628; x_wconf 88' lang='lat' dir='ltr'><strong>urbem</strong></span> <span class='ocrx_word' id='word_1_178' title='bbox 2047 2563 2372 2629; x_wconf 74' lang='lat' dir='ltr'><strong>edmmeat.</strong></span> <span class='ocrx_word' id='word_1_179' title='bbox 2560 2582 2635 2625; x_wconf 80' lang='grc' dir='ltr'><strong>ιω</strong></span> 
     </span>
     <span class='ocr_line' id='line_1_34' title="bbox 783 2655 2594 2740; baseline -0.002 -19"><span class='ocrx_word' id='word_1_180' title='bbox 783 2656 960 2738; x_wconf 81' lang='lat' dir='ltr'><strong>Quid</strong></span> <span class='ocrx_word' id='word_1_181' title='bbox 995 2655 1202 2721; x_wconf 81' lang='lat' dir='ltr'><strong>adhue</strong></span> <span class='ocrx_word' id='word_1_182' title='bbox 1235 2655 1473 2721; x_wconf 86' lang='lat' dir='ltr'><strong>habent</strong></span> <span class='ocrx_word' id='word_1_183' title='bbox 1504 2656 1887 2721; x_wconf 83' lang='lat' dir='ltr'><strong>infirmitatis</strong></span> <span class='ocrx_word' id='word_1_184' title='bbox 1918 2656 2210 2740; x_wconf 77' lang='lat' dir='ltr'><strong>nuptiae?</strong></span> <span class='ocrx_word' id='word_1_185' title='bbox 2586 2670 2594 2677; x_wconf 84' lang='lat'>·</span> 
     </span>
    </p>
   </div>
   <div class='ocr_carea' id='block_1_17' title="bbox 781 2842 2680 3768">
    <p class='ocr_par' dir='ltr' id='par_1_17' title="bbox 783 2842 2236 2909">
     <span class='ocr_line' id='line_1_35' title="bbox 783 2842 2236 2909; baseline -0.001 -1"><span class='ocrx_word' id='word_1_186' title='bbox 783 2845 960 2909; x_wconf 90' lang='lat' dir='ltr'><strong>Bene</strong></span> <span class='ocrx_word' id='word_1_187' title='bbox 991 2842 1374 2909; x_wconf 72' lang='lat' dir='ltr'><strong>ednuenibat</strong></span> <span class='ocrx_word' id='word_1_188' title='bbox 1407 2846 1559 2907; x_wconf 73' lang='lat' dir='ltr'><strong>sane</strong></span> <span class='ocrx_word' id='word_1_189' title='bbox 1591 2843 1755 2908; x_wconf 88' lang='lat' dir='ltr'><strong>inter</strong></span> <span class='ocrx_word' id='word_1_190' title='bbox 1790 2864 1915 2908; x_wconf 87' lang='lat' dir='ltr'><strong>eas.</strong></span> <span class='ocrx_word' id='word_1_191' title='bbox 1986 2843 2236 2909; x_wconf 83' lang='lat' dir='ltr'><strong>interim</strong></span> 
     </span>
    </p>

    <p class='ocr_par' dir='ltr' id='par_1_18' title="bbox 784 2935 2099 3020">
     <span class='ocr_line' id='line_1_36' title="bbox 784 2935 2099 3020; baseline -0.002 -19"><span class='ocrx_word' id='word_1_192' title='bbox 784 2937 969 3001; x_wconf 89' lang='lat' dir='ltr'><strong>Miris</strong></span> <span class='ocrx_word' id='word_1_193' title='bbox 1003 2937 1205 3001; x_wconf 89' lang='lat' dir='ltr'><strong>modis</strong></span> <span class='ocrx_word' id='word_1_194' title='bbox 1238 2937 1446 3001; x_wconf 85' lang='lat' dir='ltr'><strong>odisse</strong></span> <span class='ocrx_word' id='word_1_195' title='bbox 1478 2935 1686 3020; x_wconf 83' lang='lat' dir='ltr'><strong>eoepit</strong></span> <span class='ocrx_word' id='word_1_196' title='bbox 1721 2935 2099 3002; x_wconf 74' lang='lat' dir='ltr'><strong>Sdstratam:</strong></span> 
     </span>
    </p>

    <p class='ocr_par' dir='ltr' id='par_1_19' title="bbox 783 3028 2633 3115">
     <span class='ocr_line' id='line_1_37' title="bbox 783 3028 2633 3115; baseline -0.002 -21"><span class='ocrx_word' id='word_1_197' title='bbox 783 3029 1008 3112; x_wconf 82' lang='lat' dir='ltr'><strong>Neque</strong></span> <span class='ocrx_word' id='word_1_198' title='bbox 1041 3028 1184 3096; x_wconf 84' lang='lat' dir='ltr'><strong>lites</strong></span> <span class='ocrx_word' id='word_1_199' title='bbox 1216 3030 1385 3095; x_wconf 86' lang='lat' dir='ltr'><strong>ullae</strong></span> <span class='ocrx_word' id='word_1_200' title='bbox 1417 3030 1581 3093; x_wconf 75' lang='lat' dir='ltr'><strong>inter</strong></span> <span class='ocrx_word' id='word_1_201' title='bbox 1614 3051 1741 3105; x_wconf 76' lang='lat' dir='ltr'><strong>eae,</strong></span> <span class='ocrx_word' id='word_1_202' title='bbox 1778 3029 2116 3115; x_wconf 72' lang='lat' dir='ltr'><strong>postulatio</strong></span> <span class='ocrx_word' id='word_1_203' title='bbox 2562 3047 2633 3091; x_wconf 80' lang='lat'><strong>10⁶</strong></span> 
     </span>
    </p>

    <p class='ocr_par' dir='ltr' id='par_1_20' title="bbox 782 3120 2539 3208">
     <span class='ocr_line' id='line_1_38' title="bbox 782 3120 2539 3208; baseline 0.002 -21"><span class='ocrx_word' id='word_1_204' title='bbox 782 3122 1166 3206; x_wconf 75' lang='lat' dir='ltr'><strong>Numquam.</strong></span> <span class='ocrx_word' id='word_1_205' title='bbox 1242 3122 1362 3189; x_wconf 70' lang='lat' dir='ltr'><strong>Pu.</strong></span> <span class='ocrx_word' id='word_1_206' title='bbox 1400 3121 1578 3205; x_wconf 83' lang='lat' dir='ltr'><strong>Quid</strong></span> <span class='ocrx_word' id='word_1_207' title='bbox 1608 3122 1837 3208; x_wconf 83' lang='lat' dir='ltr'><strong>igitur?</strong></span> <span class='ocrx_word' id='word_1_208' title='bbox 1901 3123 2021 3188; x_wconf 71' lang='grc' dir='ltr'><strong>ΡΑ.</strong></span> <span class='ocrx_word' id='word_1_209' title='bbox 2058 3120 2133 3189; x_wconf 87' lang='lat' dir='ltr'><strong>Si</strong></span> <span class='ocrx_word' id='word_1_210' title='bbox 2164 3122 2423 3206; x_wconf 85' lang='lat' dir='ltr'><strong>quando</strong></span> <span class='ocrx_word' id='word_1_211' title='bbox 2458 3124 2539 3191; x_wconf 85' lang='lat' dir='ltr'><strong>ad</strong></span> 
     </span>
    </p>

    <p class='ocr_par' dir='ltr' id='par_1_21' title="bbox 1051 3218 1976 3282">
     <span class='ocr_line' id='line_1_39' title="bbox 1051 3218 1976 3282; baseline -0.002 0"><span class='ocrx_word' id='word_1_212' title='bbox 1051 3230 1056 3235; x_wconf 77' lang='grc'><em>“</em></span> <span class='ocrx_word' id='word_1_213' title='bbox 1454 3238 1595 3281; x_wconf 83' lang='lat' dir='ltr'><strong>eam</strong></span> <span class='ocrx_word' id='word_1_214' title='bbox 1629 3218 1976 3282; x_wconf 72' lang='lat' dir='ltr'><strong>accesserat</strong></span> 
     </span>
    </p>

    <p class='ocr_par' dir='ltr' id='par_1_22' title="bbox 781 3306 2205 3397">
     <span class='ocr_line' id='line_1_40' title="bbox 781 3306 2205 3397; baseline -0.001 -23"><span class='ocrx_word' id='word_1_215' title='bbox 781 3306 1300 3387; x_wconf 75' lang='lat' dir='ltr'><strong>Consabulatum,</strong></span> <span class='ocrx_word' id='word_1_216' title='bbox 1340 3309 1564 3397; x_wconf 72' lang='lat' dir='ltr'><strong>fugere</strong></span> <span class='ocrx_word' id='word_1_217' title='bbox 1596 3330 1636 3375; x_wconf 89' lang='lat' dir='ltr'><strong>e</strong></span> <span class='ocrx_word' id='word_1_218' title='bbox 1670 3320 2011 3395; x_wconf 73' lang='lat' dir='ltr'><strong>conspeetu</strong></span> <span class='ocrx_word' id='word_1_219' title='bbox 2041 3309 2205 3383; x_wconf 86' lang='lat' dir='ltr'><strong>ssieo,</strong></span> 
     </span>
    </p>

    <p class='ocr_par' dir='ltr' id='par_1_23' title="bbox 782 3401 2213 3488">
     <span class='ocr_line' id='line_1_41' title="bbox 782 3401 2213 3488; baseline -0.001 -20"><span class='ocrx_word' id='word_1_220' title='bbox 782 3401 1018 3468; x_wconf 76' lang='lat' dir='ltr'><strong>Videre</strong></span> <span class='ocrx_word' id='word_1_221' title='bbox 1051 3403 1246 3468; x_wconf 85' lang='lat' dir='ltr'><strong>nolle:</strong></span> <span class='ocrx_word' id='word_1_222' title='bbox 1283 3402 1555 3486; x_wconf 72' lang='lat' dir='ltr'><strong>denique</strong></span> <span class='ocrx_word' id='word_1_223' title='bbox 1590 3402 1701 3467; x_wconf 91' lang='lat' dir='ltr'><strong>ubi</strong></span> <span class='ocrx_word' id='word_1_224' title='bbox 1733 3424 1861 3467; x_wconf 86' lang='lat' dir='ltr'><strong>non</strong></span> <span class='ocrx_word' id='word_1_225' title='bbox 1896 3404 2029 3488; x_wconf 86' lang='lat' dir='ltr'><strong>quit</strong></span> <span class='ocrx_word' id='word_1_226' title='bbox 2061 3402 2213 3487; x_wconf 90' lang='lat' dir='ltr'><strong>pati,</strong></span> 
     </span>
    </p>

    <p class='ocr_par' dir='ltr' id='par_1_24' title="bbox 783 3494 2680 3655">
     <span class='ocr_line' id='line_1_42' title="bbox 783 3494 2680 3585; baseline 0 -22"><span class='ocrx_word' id='word_1_227' title='bbox 783 3494 1055 3585; x_wconf 75' lang='lat' dir='ltr'><strong>Simulat</strong></span> <span class='ocrx_word' id='word_1_228' title='bbox 1103 3518 1172 3561; x_wconf 90' lang='lat' dir='ltr'><strong>se</strong></span> <span class='ocrx_word' id='word_1_229' title='bbox 1215 3494 1297 3561; x_wconf 85' lang='lat' dir='ltr'><strong>ad</strong></span> <span class='ocrx_word' id='word_1_230' title='bbox 1339 3506 1605 3562; x_wconf 88' lang='lat' dir='ltr'><strong>matrem</strong></span> <span class='ocrx_word' id='word_1_231' title='bbox 1648 3496 1882 3563; x_wconf 70' lang='lat' dir='ltr'><strong>aeeersi</strong></span> <span class='ocrx_word' id='word_1_232' title='bbox 1926 3496 2008 3560; x_wconf 83' lang='lat' dir='ltr'><strong>ad</strong></span> <span class='ocrx_word' id='word_1_233' title='bbox 2056 3518 2191 3561; x_wconf 89' lang='lat' dir='ltr'><strong>rem</strong></span> <span class='ocrx_word' id='word_1_234' title='bbox 2234 3495 2537 3577; x_wconf 74' lang='lat' dir='ltr'><strong>diuinam,</strong></span> <span class='ocrx_word' id='word_1_235' title='bbox 2678 3508 2680 3515; x_wconf 87' lang='lat'>&#39;</span> 
     </span>
     <span class='ocr_line' id='line_1_43' title="bbox 1454 3588 1605 3655; baseline 0 0"><span class='ocrx_word' id='word_1_236' title='bbox 1454 3588 1605 3655; x_wconf 78' lang='lat' dir='ltr'><strong>abit&#39;.</strong></span> 
     </span>
    </p>

    <p class='ocr_par' dir='ltr' id='par_1_25' title="bbox 781 3682 2678 3768">
     <span class='ocr_line' id='line_1_44' title="bbox 781 3682 2678 3768; baseline -0.003 -19"><span class='ocrx_word' id='word_1_237' title='bbox 781 3682 912 3749; x_wconf 88' lang='lat' dir='ltr'><strong>Vbi</strong></span> <span class='ocrx_word' id='word_1_238' title='bbox 943 3682 1074 3748; x_wconf 80' lang='lat' dir='ltr'><strong>illie</strong></span> <span class='ocrx_word' id='word_1_239' title='bbox 1107 3682 1244 3747; x_wconf 88' lang='lat' dir='ltr'><strong>dies</strong></span> <span class='ocrx_word' id='word_1_240' title='bbox 1279 3691 1375 3747; x_wconf 90' lang='lat' dir='ltr'><strong>est</strong></span> <span class='ocrx_word' id='word_1_241' title='bbox 1411 3682 1769 3768; x_wconf 77' lang='lat' dir='ltr'><strong>compluris,</strong></span> <span class='ocrx_word' id='word_1_242' title='bbox 1804 3684 2040 3748; x_wconf 75' lang='lat' dir='ltr'><strong>accersi</strong></span> <span class='ocrx_word' id='word_1_243' title='bbox 2072 3682 2276 3748; x_wconf 83' lang='lat' dir='ltr'><strong>iubet:</strong></span> <span class='ocrx_word' id='word_1_244' title='bbox 2562 3704 2633 3744; x_wconf 83' lang='lat'><strong>110</strong></span> <span class='ocrx_word' id='word_1_245' title='bbox 2676 3688 2678 3713; x_wconf 78' lang='lat'>²</span> 
     </span>
    </p>
   </div>
   <div class='ocr_carea' id='block_1_18' title="bbox 777 3866 2629 4227">
    <p class='ocr_par' dir='ltr' id='par_1_26' title="bbox 778 3866 2407 4048">
     <span class='ocr_line' id='line_1_45' title="bbox 778 3866 2339 3954; baseline 0 -21"><span class='ocrx_word' id='word_1_246' title='bbox 778 3869 844 3933; x_wconf 89' lang='lat' dir='ltr'>N</span> <span class='ocrx_word' id='word_1_247' title='bbox 843 3871 983 3934; x_wconf 75' lang='lat' dir='ltr'><strong>emd</strong></span> <span class='ocrx_word' id='word_1_248' title='bbox 1013 3868 1270 3935; x_wconf 77' lang='lat' dir='ltr'><strong>remisit.</strong></span> <span class='ocrx_word' id='word_1_249' title='bbox 1339 3871 1671 3954; x_wconf 75' lang='lat' dir='ltr'><strong>pdstquam</strong></span> <span class='ocrx_word' id='word_1_250' title='bbox 1707 3880 2034 3935; x_wconf 76' lang='lat' dir='ltr'><strong>accersunt</strong></span> <span class='ocrx_word' id='word_1_251' title='bbox 2066 3866 2339 3953; x_wconf 72' lang='lat' dir='ltr'><strong>saepius,</strong></span> 
     </span>
     <span class='ocr_line' id='line_1_46' title="bbox 778 3961 2407 4048; baseline -0.001 -21"><span class='ocrx_word' id='word_1_252' title='bbox 778 3963 1064 4048; x_wconf 79' lang='lat' dir='ltr'><strong>Aegram</strong></span> <span class='ocrx_word' id='word_1_253' title='bbox 1097 3964 1237 4027; x_wconf 73' lang='lat' dir='ltr'><strong>esse</strong></span> <span class='ocrx_word' id='word_1_254' title='bbox 1271 3962 1568 4028; x_wconf 86' lang='lat' dir='ltr'><strong>simulant</strong></span> <span class='ocrx_word' id='word_1_255' title='bbox 1599 3962 1945 4029; x_wconf 75' lang='lat' dir='ltr'><strong>mulierem.</strong></span> <span class='ocrx_word' id='word_1_256' title='bbox 2014 3972 2229 4027; x_wconf 86' lang='lat' dir='ltr'><strong>nostra</strong></span> <span class='ocrx_word' id='word_1_257' title='bbox 2258 3961 2407 4026; x_wconf 86' lang='lat' dir='ltr'><strong>ilieo</strong></span> 
     </span>
    </p>

    <p class='ocr_par' dir='ltr' id='par_1_27' title="bbox 777 4054 2629 4227">
     <span class='ocr_line' id='line_1_47' title="bbox 777 4054 2507 4123; baseline 0.002 -4"><span class='ocrx_word' id='word_1_258' title='bbox 777 4054 841 4119; x_wconf 90' lang='lat' dir='ltr'><strong>It</strong></span> <span class='ocrx_word' id='word_1_259' title='bbox 873 4058 1078 4120; x_wconf 86' lang='lat' dir='ltr'><strong>uisere</strong></span> <span class='ocrx_word' id='word_1_260' title='bbox 1113 4056 1195 4119; x_wconf 87' lang='lat' dir='ltr'><strong>ad</strong></span> <span class='ocrx_word' id='word_1_261' title='bbox 1229 4076 1398 4120; x_wconf 80' lang='lat' dir='ltr'><strong>eam:</strong></span> <span class='ocrx_word' id='word_1_262' title='bbox 1451 4054 1703 4120; x_wconf 77' lang='lat' dir='ltr'><strong>admisit</strong></span> <span class='ocrx_word' id='word_1_263' title='bbox 1736 4077 1941 4123; x_wconf 88' lang='lat' dir='ltr'><strong>nemo.</strong></span> <span class='ocrx_word' id='word_1_264' title='bbox 2015 4055 2135 4120; x_wconf 84' lang='lat' dir='ltr'><strong>hoe</strong></span> <span class='ocrx_word' id='word_1_265' title='bbox 2166 4054 2279 4120; x_wconf 77' lang='lat' dir='ltr'><strong>ubi</strong></span> <span class='ocrx_word' id='word_1_266' title='bbox 2312 4077 2507 4123; x_wconf 82' lang='lat' dir='ltr'><strong>senex</strong></span> 
     </span>
     <span class='ocr_line' id='line_1_48' title="bbox 778 4146 2629 4227; baseline 0 -16"><span class='ocrx_word' id='word_1_267' title='bbox 778 4146 1079 4225; x_wconf 84' lang='lat' dir='ltr'><strong>Reseiuit,</strong></span> <span class='ocrx_word' id='word_1_268' title='bbox 1114 4147 1250 4213; x_wconf 85' lang='lat' dir='ltr'><strong>heri</strong></span> <span class='ocrx_word' id='word_1_269' title='bbox 1283 4170 1360 4215; x_wconf 88' lang='lat' dir='ltr'><strong>ea</strong></span> <span class='ocrx_word' id='word_1_270' title='bbox 1394 4150 1584 4214; x_wconf 71' lang='lat' dir='ltr'><strong>eausa</strong></span> <span class='ocrx_word' id='word_1_271' title='bbox 1617 4170 1761 4213; x_wconf 85' lang='lat' dir='ltr'><strong>rure</strong></span> <span class='ocrx_word' id='word_1_272' title='bbox 1798 4149 1922 4215; x_wconf 88' lang='lat' dir='ltr'><strong>hue</strong></span> <span class='ocrx_word' id='word_1_273' title='bbox 1957 4148 2235 4227; x_wconf 77' lang='lat' dir='ltr'><strong>aduenit,</strong></span> <span class='ocrx_word' id='word_1_274' title='bbox 2556 4170 2629 4211; x_wconf 85' lang='lat'><strong>115</strong></span> 
     </span>
    </p>
   </div>
   <div class='ocr_carea' id='block_1_19' title="bbox 2672 3242 2684 4232">
    <p class='ocr_par' dir='ltr' id='par_1_28' title="bbox 2672 3242 2684 4232">
     <span class='ocr_line' id='line_1_49' title="bbox 2672 3242 2684 4232; baseline 0 0"><span class='ocrx_word' id='word_1_275' title='bbox 2672 3242 2684 4232; x_wconf 95' lang='lat' dir='ltr'><strong> </strong></span> 
     </span>
    </p>
   </div>
   <div class='ocr_carea' id='block_1_20' title="bbox 2538 4352 2673 4610">
    <p class='ocr_par' dir='ltr' id='par_1_29' title="bbox 2538 4336 2673 4610">
     <span class='ocr_line' id='line_1_50' title="bbox 2538 4352 2673 4610; baseline 0 0"><span class='ocrx_word' id='word_1_276' title='bbox 2538 4495 2551 4507; x_wconf 86' lang='lat'>-</span> <span class='ocrx_word' id='word_1_277' title='bbox 2652 4352 2673 4610; x_wconf 49' lang='lat' dir='ltr'><strong>i</strong></span> 
     </span>
    </p>
   </div>
  </div>
 </body>
</html>
