2725 4650
120 341 268 398 Ptol.
1014 341 1363 400 Pflomno
1380 351 1385 358 '
2030 328 2150 396 151

861 591 1517 661 PROLOGVS.

221 727 579 812 Postquam
612 734 801 817 poeta
835 732 1019 795 uetus
1053 735 1307 815 poetam
1339 730 1471 794 nen
1504 738 1712 814 potest

221 829 572 896 Retrehere
609 854 646 896 a
683 831 894 896 studio
929 841 992 898 et
1025 831 1348 896 transdere
1386 830 1703 896 hominem
1738 831 1805 896 in
1838 832 2054 910 etium,

221 930 588 998 Maledictis
623 933 939 1000 deterrere
973 955 1054 998 ne
1089 933 1321 998 scribet
1356 943 1566 1019 parat3

224 1030 360 1114 Qui
393 1034 483 1099 ita
518 1034 778 1113 dictitat,
815 1057 972 1120 quas
1008 1034 1275 1100 entehac
1309 1035 1461 1100 fecit
1494 1034 1763 1112 febulas,

169 1151 198 1194 ⁵
224 1135 438 1200 Tenui
471 1138 609 1202 esse
646 1138 925 1203 oratione
961 1146 1024 1202 et
1058 1137 1371 1222 scripture.
1402 1137 1558 1202 leui:

227 1235 401 1318 Quia
434 1241 747 1323 nusquam
779 1240 1074 1305 insanum
1108 1239 1354 1325 scripsit
1389 1238 1933 1306 adulescentulum

227 1337 507 1405 Cer-uem
541 1341 758 1406 uidere
792 1341 1016 1428 fugere
1051 1351 1114 1407 et
1149 1343 1377 1408 sectari
1409 1364 1599 1408 canes

225 1440 312 1505 Et
348 1445 490 1508 eem
522 1443 789 1530 plorare,
824 1445 1004 1509 orere
1038 1453 1110 1508 ut
1144 1443 1482 1509 subueniet
1516 1442 1658 1509 sibi.

229 1541 427 1624 Quod
458 1545 512 1610 si
545 1546 957 1632 intellegeret,
994 1548 1190 1632 quem
1224 1546 1397 1612 stetit
1432 1545 1583 1610 olim
1616 1567 1805 1625 noua,
2256 1629 2259 1634 Ι

145 1663 200 1704 10
225 1646 482 1712 Acteris
517 1668 708 1733 opera
741 1647 944 1734 magis
980 1648 1223 1714 stetisse
1257 1649 1452 1733 quem
1486 1670 1622 1727 sua,
2196 1659 2265 1713 10

226 1748 450 1814 Minus
481 1750 682 1815 multo
719 1750 1037 1828 audacter,
1073 1751 1267 1834 quem
1301 1773 1473 1816 nunc
1507 1751 1717 1829 laedit,
1754 1750 2051 1818 laederet.

224 1850 417 1917 Nunc
452 1854 509 1917 si
541 1852 683 1937 quis
719 1864 836 1930 est,
870 1852 982 1936 qui
1017 1853 1138 1918 hoc
1173 1853 1339 1919 dicat
1375 1864 1486 1919 aut
1521 1853 1612 1920 sic
1647 1853 1904 1940 cegitet:

226 1955 462 2021 ‘Vetus
497 1956 552 2019 si
585 1959 772 2040 poeta
805 1955 930 2019 nen
964 1954 1319 2020 lacessisset
1351 1955 1543 2042 prior,

225 2055 494 2121 Nullum
524 2057 808 2122 inuenire
843 2057 1177 2143 prelogum
1212 2058 1426 2142 posset
1460 2059 1719 2124 nouos’=

143 2175 202 2219 :s
229 2155 472 2245 [Quem
506 2158 761 2236 diceret,
795 2158 918 2224 nisi
951 2157 1212 2224 haberet
1247 2159 1350 2224 cui
1383 2159 1548 2224 male
1582 2158 1875 2246 dicei-etz]
2194 2174 2263 2227 15

224 2261 294 2327 Is
329 2260 448 2326 sibi
481 2282 855 2346 responsum
888 2260 1011 2327 hoc
1045 2260 1295 2340 hebeat,
1331 2261 1400 2327 in
1433 2262 1640 2328 medio
1675 2263 1967 2329 emnibus

222 2363 518 2429 Palmam
554 2365 692 2429 esse
725 2363 1015 2450 positam,
1051 2364 1162 2447 qui
1195 2366 1396 2430 artem
1430 2375 1700 2430 tractant
1734 2367 2060 2432 musicam.

224 2466 345 2531 Ille
379 2465 462 2530 ed
495 2466 730 2531 famem
765 2465 936 2531 hunc
971 2490 1010 2531 a
1042 2467 1251 2532 studio
1286 2466 1527 2532 studuit
1559 2466 1821 2533 reicere:

2228 1145 2265 1200 Οἱ

225 2568 357 2632 Hic
390 2567 771 2653 respondere
804 2568 1023 2646 ueluit,
1058 2591 1186 2633 non
1220 2569 1550 2636 lacessere.

148 2690 199 2730 ιο
226 2669 589 2735 Benedictis
625 2669 679 2735 si
715 2672 1033 2746 certesset,
1070 2670 1350 2735 audisset
1382 2670 1575 2735 bene:
2191 2686 2262 2741 20

227 2771 424 2853 Quod
456 2772 537 2837 ab
569 2772 681 2837 illo
716 2771 1077 2849 adlatumst,
1113 2770 1236 2857 [id]
1277 2771 1398 2837 sibi
1434 2793 1571 2837 esse
1604 2771 1893 2838 rellatum
1930 2782 2127 2856 putet.

224 2874 334 2940 De
366 2874 472 2939 ille
507 2874 634 2938 iam
668 2874 860 2939 finem
893 2873 1126 2938 faciam
1161 2872 1419 2937 dicundi
1452 2870 1627 2948 mihi,

224 2976 548 3042 Peccendi
581 2997 772 3060 quom
807 2976 943 3061 ipse
978 2975 1057 3040 de
1091 2996 1159 3039 se
1192 2974 1386 3039 finem
1418 2974 1543 3039 nen
1574 2973 1745 3039 facit.

225 3078 418 3144 Nunc
449 3078 606 3162 quid
635 3078 828 3143 uelim
862 3078 1142 3143 animum
1177 3076 1506 3141 attendite:
1542 3076 1804 3163 adporte
1838 3099 2072 3145 nouam

149 3200 202 3241 ιε
227 3180 806 3267 Epidicazomenon
823 3182 1030 3263 quem
1066 3190 1298 3246 uocant
1330 3179 1719 3245 comoediam
1782 3186 1787 3193 ’
2192 3199 2261 3255 25

229 3282 482 3361 Graeci,
518 3282 737 3349 Latini
769 3281 1220 3348 Phermionem
1253 3282 1600 3359 neminant,

230 3384 404 3467 Quia
434 3388 668 3471 primas
703 3384 898 3470 partis
933 3386 1045 3469 qui
1078 3394 1244 3471 aget,
1279 3386 1333 3449 is
1371 3384 1488 3451 erit
1520 3383 1821 3449 Phermio

227 3487 577 3565 Parasitus,
614 3510 728 3573 per
761 3508 952 3571 quem
985 3488 1086 3552 res
1123 3497 1380 3573 geretur
1410 3488 1727 3563 maxume,

226 3590 542 3657 Voluntas
578 3599 796 3655 uostra
829 3589 883 3653 si
915 3589 999 3654 ed
1034 3595 1287 3674 poetam
1322 3588 1675 3654 accesserit.

150 3686 401 3757 so'Date
437 3693 715 3776 eperam,
753 3691 966 3757 adeste
1002 3712 1204 3776 aequo
1238 3690 1449 3756 enimc
1483 3712 1597 3777 per
1632 3689 1966 3767 silentium,
2192 3714 2261 3768 30

228 3793 330 3860 Ne
364 3793 553 3859 simili
586 3804 839 3859 utamur
871 3795 1142 3870 fortuna,
1177 3803 1366 3878 atque
1403 3794 1503 3857 usi
1536 3814 1753 3857 sumus

231 3894 449 3977 Quom
482 3898 596 3981 per
629 3896 968 3961 tumultum
1004 3896 1212 3960 nester
1247 3918 1405 3983 grex
1439 3895 1645 3959 motus
1679 3894 1906 3959 locost=

234 3997 450 4080 Quem
486 3998 712 4063 acteris
748 3999 948 4064 uirtus
983 3998 1161 4062 nebis
1196 3997 1465 4063 restituit
1498 3996 1709 4062 locum

229 4099 626 4183 Bonitasque
658 4110 874 4167 uostra
908 4100 1197 4166 adiutans
1231 4111 1421 4184 atque
1456 4099 1928 4183 aequanimitas.
