2725 4650
588 311 712 380 102
1342 325 1752 386 Evnvoflvs
2467 321 2588 380 Prol.

666 451 747 517 Id
778 449 868 518 ita
900 453 1042 517 esse
1076 472 1192 517 uos
1224 451 1355 517 iam
1386 451 1664 518 iudicare
1697 452 2000 538 poteritis.

478 564 550 620 30
670 552 876 621 Colax
907 553 1338 620 Menandrist:
1372 558 1440 619 in
1475 565 1612 620 east
1645 554 1958 640 parasitus
1993 555 2174 622 colax
2525 568 2572 610 ⁸⁰

669 656 756 721 Et
792 657 972 721 miles
1007 656 1343 743 gloriosus:
1382 679 1490 722 eas
1525 680 1594 722 se
1626 657 1758 722 non
1790 668 1984 744 negat

664 758 983 824 Personas
1018 759 1410 824 transtulisse
1444 759 1511 823 in
1545 757 1931 825 Eunuchum
1966 782 2146 824 suam

666 860 773 926 Ex
806 858 1058 927 Graeca
1066 885 1085 938 3
1122 861 1237 925 sed
1270 883 1380 926 eas
1413 862 1491 925 db
1527 863 1668 925 aliis
1702 861 1902 927 factas
1937 861 2112 946 prius

666 963 933 1028 Latinas
968 963 1162 1029 scisse
1198 965 1356 1040 sese,
1391 960 1459 1026 id
1491 984 1645 1028 uero
1678 965 2004 1051 pernegat.

476 1088 548 1142 35
666 1062 860 1148 Quod
894 1067 949 1130 si
981 1065 1260 1150 personis
1295 1065 1526 1130 eisdem
1561 1064 1710 1130 huic
1743 1066 1838 1132 uti
1868 1067 1998 1131 non
2032 1065 2206 1130 licet:
2529 1076 2572 1120 8⁵

666 1166 801 1249 Qui
832 1167 1037 1253 miigis
1071 1167 1218 1232 licet
1253 1168 1608 1232 currentem
1643 1189 1896 1233 seruom
1929 1167 2223 1245 scribere,

665 1270 879 1335 Bonas
913 1279 1232 1334 matronas
1265 1269 1495 1346 facere,
1531 1269 1890 1336 meretrices
1927 1270 2144 1348 malas,

670 1371 1060 1458 [Parasitum
1094 1371 1376 1448 edacem,
1411 1372 1757 1458 gloriosum
1789 1369 2086 1458 militem]

661 1474 945 1538 Puerum
980 1473 1269 1558 supponi,
1305 1472 1442 1538 fimi
1475 1496 1589 1559 per
1623 1475 1876 1540 seruom
1911 1497 2145 1552 senem,

474 1601 546 1656 40
663 1576 922 1653 Amare,
958 1574 1187 1652 odisse,
1224 1576 1567 1661 suspicari?
1609 1576 1881 1659 denique
2527 1591 2571 1631 4⁰

664 1677 989 1743 Nullumst
1020 1677 1149 1742 iam
1187 1676 1446 1754 dictum,
1479 1679 1656 1762 quod
1690 1700 1816 1744 non
1852 1679 1933 1744 sit
1957 1678 2196 1744 dictum
2227 1677 2426 1763 prius.

664 1779 812 1860 Qua
844 1802 913 1846 re
948 1780 1275 1863 aequomst
1308 1802 1427 1845 uos
1456 1783 1837 1867 cognoscere
1865 1790 2054 1865 atque
2077 1781 2425 1866 ignoscere,

664 1881 850 1963 Quae
882 1885 1133 1948 ueteres
1166 1882 1534 1947 factitarunt
1568 1883 1622 1948 si
1653 1883 1897 1948 faciunt
1932 1884 2100 1948 noui.

661 1983 833 2049 Date
867 1986 1145 2070 operam,
1181 2007 1326 2050 cum
1362 1984 1608 2050 silentio
1643 1986 1923 2051 animum
1957 1985 2280 2062 attendite,

476 2106 546 2161 45
666 2084 757 2153 Vt
786 2086 1195 2174 pernoscatis,
1230 2087 1387 2171 quid
1421 2088 1543 2153 sibi
1577 2087 1928 2154 Eunuchus
1963 2087 2132 2152 uelit.
2523 2101 2569 2142 45

1142 4446 1308 4596 „P
