2725 4650
512 322 636 391 124
1268 331 1679 393 EVNVOHVS
2382 338 2499 409 111,
2522 338 2558 394 5

679 459 853 541 Quid
894 459 1094 525 multa
1143 459 1379 525 uerba?
1431 462 1643 525 amare
1695 458 1897 545 coepi.
1965 459 2133 527 ferte
2186 460 2449 526 fortuna
2474 479 2531 520 πο

1349 550 1520 617 domi

674 645 833 713 Erat
881 646 1142 731 quidam
1194 645 1551 723 eunuchus,
1612 648 1804 729 quem
1855 657 2171 713 mercatus
2238 647 2449 713 fuerat

1346 739 1542 805 frater
1574 739 1827 818 Thaidi,

369 842 474 899 570
672 833 900 918 Neque
931 834 985 897 is
1012 833 1318 899 deductus
1351 833 1544 898 etiam
1570 833 1725 897 dum
1750 834 1835 899 ad
1858 856 2018 899 eam.
2072 832 2449 900 submonuit

809 1004 814 1009 .
1349 949 1453 993 me
1485 927 1803 993 Parmeno

670 1022 774 1087 Ibi
807 1024 1046 1101 seruos,
1088 1021 1262 1107 quod
1305 1044 1427 1107 ego
1472 1021 1728 1106 arripui..
1814 1022 1939 1089 Aa.
1979 1020 2155 1102 Quid
2201 1022 2271 1086 id
2314 1022 2449 1088 est?

1343 1112 1465 1179 Cn.
1502 1113 1763 1181 Tacitus
1798 1114 1983 1180 citius
2018 1115 2271 1182 audies:

672 1210 764 1276 Vt
796 1211 1040 1275 uestem
1074 1232 1222 1275 cum
1255 1231 1332 1275 eo
1365 1208 1606 1275 mutem
1638 1219 1701 1274 et
1744 1230 1861 1295 pro
1902 1208 2010 1275 illo
2047 1208 2309 1274 iubeam
2342 1231 2447 1275 me

1345 1303 1495 1368 illoc
1529 1302 1765 1369 ducier.

502 1400 627 1467 An.
671 1399 802 1464 Pro
838 1397 1206 1464 eunuchon?
1275 1395 1398 1463 Cn.
1436 1396 1547 1463 Sic
1580 1411 1695 1463 est.
1766 1397 1892 1463 An.
1930 1396 2110 1477 Quid
2143 1419 2228 1462 ex
2262 1419 2341 1462 ea
2374 1418 2445 1462 re
2472 1414 2530 1455 2⁵

1343 1490 1600 1557 tandem
1633 1501 1707 1556 ut
1740 1512 1999 1575 caperes
2034 1490 2393 1557 cemmodi?

503 1585 623 1652 Cn.
668 1584 924 1671 Rogas?
981 1583 1290 1661 uiderem,
1351 1583 1665 1661 audirem,
1728 1606 1933 1649 essem
1982 1604 2113 1649 una
2161 1586 2446 1669 quacum

1345 1677 1700 1763 cupiebam,
1736 1659 2044 1763 Antipho·

365 1779 469 1839 5⁷5
669 1773 843 1837 Num
877 1773 1078 1857 parua
1110 1793 1302 1837 causa
1335 1782 1446 1836 aut
1480 1775 1683 1857 praua
1704 1771 1959 1837 ratiost?
2000 1770 2273 1837 traditus
2300 1793 2445 1837 sum

1113 1892 1126 1899 ·
1341 1866 1610 1930 mulieri.

669 1960 790 2025 Illa
820 1959 966 2026 ilico
1001 1959 1114 2025 ubi
1145 1982 1249 2026 me
1283 1960 1546 2044 accepit,
1582 1960 1749 2026 laeta
1782 1962 1937 2024 uero
1972 1959 2058 2024 ad
2082 1982 2153 2025 se
2180 1959 2445 2024 abducit

1345 2054 1605 2119 domum
1616 2079 1634 2129 3

672 2146 1094 2214 Commendat
1143 2146 1475 2233 uirginem.
1558 2147 1684 2211 An.
1741 2145 1950 2228 Quoi?
2002 2146 2240 2213 tibine?
2314 2144 2440 2211 Cn.

1343 2239 1531 2304 Mihi.
1600 2240 1725 2306 Art.
1762 2239 1935 2306 Satis
1970 2241 2104 2306 tutd
2140 2242 2398 2307 tamen?

503 2335 622 2402 Cn.
666 2335 879 2402 Edicit
913 2357 993 2400 ne
1027 2335 1128 2399 uir
1159 2336 1496 2418 quisquam
1530 2333 1615 2398 ad
1648 2356 1789 2399 eam
1824 2335 2031 2411 adeat,
2066 2337 2131 2399 et
2161 2335 2321 2400 >mihi
2353 2359 2437 2401 ne
2470 2356 2527 2396 ³0

1339 2427 1677 2492 abscedam
1711 2429 2006 2513 imperat3

669 2523 748 2587 In
797 2521 1092 2588 interiore
1141 2522 1318 2605 parte
1370 2531 1443 2584 ut
1500 2541 1791 2585 maneam
1852 2521 2020 2586 sdlus
2078 2543 2227 2586 eum
2278 2523 2432 2588 sola.

1342 2613 1557 2679 adnuo

367 2716 468 2774 580
671 2710 936 2776 Terram
968 2711 1218 2773 intuens
1253 2707 1556 2772 modeste.
1627 2709 1752 2773 An.
1786 2707 2009 2774 Miser.
2072 2705 2195 2773 Cn.
2232 2708 2433 2796 ‘Ego’

1345 2800 1551 2885 inquit
1585 2801 1698 2866 ‘ad
1732 2822 1954 2868 cenam
1990 2800 2138 2866 hinc
2174 2804 2298 2868 eo’.

667 2896 949 2962 Abducit
966 2918 1182 2963 secum
1203 2895 1488 2972 ancillas3
1516 2916 1777 2980 paucae,
1803 2896 1967 2978 quae
1996 2895 2235 2962 circum
2262 2898 2438 2965 illam

1349 2989 1578 3064 essent,
1612 3002 1871 3054 manent

673 3082 979 3150 Nouiciae
1039 3081 1308 3167 puellae.
1396 3082 1692 3147 continuo
1761 3082 1919 3147 haec
1988 3083 2301 3150 adornant
2367 3087 2441 3151 ut

1346 3175 1539 3240 lauet.

671 3268 993 3335 Adhdrtor
1049 3280 1407 3354 properent.
1478 3269 1631 3334 dum
1690 3268 2062 3354 adparatur,
2124 3273 2311 3357 uirgo
2372 3273 2439 3337 in
2466 3291 2519 3333 115

1347 3363 1637 3427 conclaui
1670 3361 1846 3428 sedet

672 3455 1058 3542 Suspectans
1100 3455 1385 3520 tabulam
1428 3455 1747 3538 quandam
1787 3454 2049 3540 pictamz
2100 3456 2195 3521 ibi
2234 3459 2441 3524 inerat

1342 3548 1587 3634 pictura
1619 3548 1797 3626 haec,
1833 3550 2058 3615 Iouem

367 3641 472 3698 585
671 3641 820 3725 Quo
881 3646 1067 3727 pecto
1128 3641 1397 3708 Danaae
1456 3642 1699 3708 misisse
1760 3641 1935 3708 aiunt
1986 3643 2309 3728 quendam
2369 3646 2436 3711 in

1347 3736 1664 3820 gremium
1697 3734 1963 3802 imbrem
1998 3738 2285 3802 aureum.

674 3829 949 3915 Egomet
982 3849 1234 3912 quoque
1267 3829 1334 3892 id
1373 3830 1657 3913 spectare
1692 3830 1893 3914 coepi,
1938 3841 2002 3896 et
2036 3833 2189 3915 quia
2231 3833 2437 3898 consi-

1345 3921 1561 3986 milem
1592 3923 1828 3989 luserat

671 4016 810 4084 Iam
845 4015 994 4080 olim
1027 4015 1134 4080 ssle
1159 4014 1401 4092 ludum,
1435 4014 1735 4098 inpendio
1768 4017 1975 4103 magis
2000 4019 2252 4087 animus
2279 4043 2435 4108 gau-

1327 4107 1538 4180 debat
1572 4109 1747 4189 mihi,
