2725 4650
636 333 759 400 106

498 475 599 529 125

631 844 739 911 PA.
780 842 881 908 Ne
916 844 1039 908 hoe
1072 844 1329 926 quldem
1373 845 1605 910 tacebit
1637 846 1974 910 Parmeno.
2068 848 2175 911 Τιῑ.
2209 842 2344 922 Oh,
2385 845 2570 909 dubi-

496 1036 598 1090 130

495 1607 597 1660 135

494 2075 596 2130 140

629 2628 749 2691 Tu.

495 2725 596 2780 145

494 3484 595 3540 150

625 3846 746 3909 ΡΑ.

492 3944 592 3999 155
625 3939 745 4003 ΡΗ.

782 1405 888 1470 -Et
920 1405 1158 1470 fidibus
1195 1406 1374 1484 seire,
1410 1407 1682 1494 pretium
1718 1430 1978 1493 sperans
2013 1407 2157 1472 ilieo

763 3629 774 3637 ,,
800 3559 955 3626 Sine
989 3562 1168 3627 illum
1202 3562 1441 3648 priores
1475 3562 1670 3647 partis
1705 3560 1895 3625 hosee
1929 3560 2187 3645 aliquod
2223 3560 2356 3627 dies

1393 345 1803 404 nvnvcrrvs
2553 347 2661 432 1,‘2w

801 468 1055 533 Interea
1089 467 1289 546 miles,
1326 472 1439 553 qui
1470 492 1574 536 me
1609 493 1824 536 amare
1855 470 2207 556 occeperat,
2583 487 2626 527 4⁵

802 563 881 626 In
916 560 1232 628 Cariamst
1264 563 1616 649 profectus3
1652 575 1716 630 te
1747 564 1990 630 interea
2022 564 2144 629 loci

804 654 1121 740 Cognoui.
1192 667 1327 722 tute
1362 660 1484 724 seis
1517 658 1772 744 postilla
1803 680 1996 742 quam
2027 660 2346 722 intumum

798 749 1094 814 Habeam
1128 760 1191 815 te
1225 761 1289 816 et
1321 774 1465 817 mea
1497 751 1757 816 consilia
1791 762 1862 815 ut
1896 752 2012 816 tibi
2046 752 2301 816 credam
2337 750 2568 816 omnia.

1479 939 1671 1002 fimne
1708 938 1775 1002 id
1809 938 1942 1003 est?

797 1031 944 1095 Hoc
976 1030 1168 1116 agite,
1204 1032 1452 1096 amabo.
1524 1035 1724 1097 mater
1757 1055 1902 1096 mea
1933 1032 2060 1096 illie
2093 1032 2400 1096 mortuast
2593 1049 2632 1088 50

796 1122 1055 1208 Nuper:
1110 1125 1245 1190 eius
1298 1125 1494 1190 frater
1522 1125 1941 1235 ’aliquantum
1994 1126 2077 1190 ad
2119 1149 2253 1190 rem
2299 1137 2397 1191 est
2434 1125 2571 1190 aui-

800 1312 868 1376 Is
903 1311 1015 1376 ubi
1049 1313 1171 1377 Asse
1205 1311 1370 1378 hane
1406 1219 1629 1378 sorim}
1643 1313 1820 1379 uidet
1851 1312 2116 1378 honesta
2149 1312 2470 1398 uirginem

798 1498 1123 1578 Producit,
1160 1501 1397 1566 uendit.
1465 1501 1631 1566 forte
1664 1499 1920 1566 fortuna
1953 1501 2158 1565 adfuit

798 1595 927 1658 Hie
962 1597 1141 1659 meus
1176 1595 1444 1660 amicus:
1481 1596 1634 1660 emit
1669 1619 1810 1661 eam
1845 1596 2011 1660 dono
2045 1595 2220 1670 mihi,
2597 1613 2640 1654 55

798 1687 1151 1772 Inprudens
1186 1688 1413 1753 harum
1446 1691 1660 1754 rerum
1692 1690 2080 1774 ignarusque
2114 1688 2424 1755 omnium.

796 1782 863 1845 Is
899 1783 1101 1846 uenit:
1138 1794 1472 1866 postquam
1508 1783 1702 1847 sensit
1733 1805 1836 1848 me
1871 1784 2080 1848 tecum
2114 1801 2374 1866 quoque

798 1875 962 1939 Rem
994 1874 1248 1953 habere,
1284 1876 1469 1961 fingit
1504 1878 1725 1941 causas
1758 1899 1840 1942 ne
1875 1877 1984 1942 det
2017 1877 2266 1940 sedulo:

798 1969 935 2045 Ait,
971 1972 1027 2033 si
1058 1968 1250 2035 fidem
1283 1970 1516 2035 habeat
1550 1993 1616 2035 se
1648 1971 1726 2034 iri
1760 1971 2186 2056 praepositum
2219 1970 2337 2034 tibi

798 2063 998 2147 Apud
1066 2086 1198 2141 me,
1270 2087 1344 2129 ao
1411 2086 1540 2129 non
1609 2064 1676 2127 id
1743 2066 2014 2142 metuat,
2089 2087 2196 2142 ne,
2273 2065 2388 2128 ubi
2469 2089 2580 2131 ae·
2602 2084 2646 2122 ⁰0

1474 2159 1768 2244 ceperim,

800 2250 957 2316 Sese
990 2251 1363 2335 relinquam,
1403 2251 1566 2316 uelle
1603 2275 1670 2316 se
1703 2251 1878 2316 illam
1913 2251 2068 2315 mihi
2102 2252 2252 2339 dare
2262 2276 2281 2330 ;

798 2346 1041 2411 Verum
1074 2345 1143 2409 id
1176 2346 1398 2410 uereri.
1467 2345 1581 2410 sed
1614 2368 1733 2431 ego
1769 2356 2077 2428 quantum
2111 2346 2419 2431 suspicor,

797 2439 909 2503 Ad
940 2438 1253 2524 uirginem
1288 2439 1568 2504 animum
1614 2439 1855 2504 adiecit.
1942 2438 2063 2504 Pu.
2097 2439 2399 2505 Etiamne
2435 2444 2580 2506 am-

1472 2533 1675 2619 plius?
1879 2536 1885 2542 '
1939 2542 1942 2545 ’

794 2626 903 2691 Nil
912 2650 931 2703 ;
976 2629 1126 2690 nam
1159 2625 1468 2709 quaesiui.
1538 2627 1706 2691 nune
1741 2648 1861 2711 ego
1897 2648 2058 2704 eam,
2101 2626 2189 2691 mi
2223 2626 2579 2705 Phaedria,
2660 2632 2661 2635 ’

796 2720 1043 2784 Multae
1114 2731 1262 2805 sunt
1322 2742 1551 2786 causae
1614 2742 1808 2804 quam
1866 2720 1947 2784 ob
2007 2742 2143 2786 rem
2203 2720 2393 2806 cupio
2457 2723 2582 2787 ab—
2608 2739 2661 2801 εἴη

1475 2814 1729 2879 ducere:

796 2906 1085 2971 Primum
1128 2908 1301 2992 quod
1344 2930 1520 2971 soror
1563 2917 1658 2971 est
1700 2907 1866 2971 diota
1876 2931 1895 2983 3
1947 2917 2278 2991 praeterea
2317 2906 2390 2970 ut
2433 2910 2582 2973 suis
2660 2954 2661 2975 ι

797 3000 1152 3066 Restituam
1186 3022 1261 3065 ae
1303 3000 1584 3065 reddam.
1657 3000 1792 3064 sola
1837 3022 2004 3076 sum3
2058 2999 2262 3065 habeo
2308 2999 2410 3065 hie
2457 3006 2583 3067 ne-

1473 3116 1708 3158 mmem
2660 3156 2661 3167 ,

794 3185 1024 3271 Neque
1059 3188 1329 3252 amioum
1379 3207 1585 3270 neque
1629 3189 1999 3272 cognatum:
2043 3207 2236 3269 quam
2280 3186 2362 3250 ob
2407 3211 2580 3268 rem,
2660 3206 2661 3211 ’

1297 3344 1301 3347 ,
1471 3280 1808 3356 Phaedria,

800 3371 1006 3460 Cupio
1041 3374 1285 3457 aliquos
1322 3395 1542 3459 parere
1577 3375 1810 3438 amieos
1846 3372 2150 3438 beneficio
2184 3394 2344 3440 meo,
2660 3404 2661 3459 3

795 3468 877 3532 Id
911 3469 1136 3533 amabo
1172 3467 1394 3533 adiuta
1421 3470 1543 3545 me,
1581 3472 1708 3552 qu'o
1741 3467 1810 3531 id
1839 3467 1951 3531 fiat
1985 3466 2262 3532 facilius:
2611 3489 2662 3555 τᾳ

796 3656 994 3740 Apud
1030 3679 1130 3720 me
1166 3656 1420 3721 habere.
1503 3655 1593 3720 nfl
1625 3655 2008 3740 respondes?
2074 3655 2194 3719 ΡΗ.
2230 3655 2586 3735 Pessuma,

794 3748 984 3835 Egon
1017 3752 1357 3834 quiequam
1393 3770 1536 3815 eum
1571 3749 1708 3814 istis
1742 3749 1928 3813 saetis
1963 3749 2079 3813 tibi
2110 3750 2590 3834 respondeam?
2660 3812 2661 3817 ,

800 3842 925 3920 Eu,
961 3847 1196 3919 noster,
1231 3844 1454 3910 laudo:
1487 3844 1744 3909 tandem
1782 3843 2120 3928 perdoluit:
2157 3843 2260 3907 uir
2294 3846 2380 3909 es.

794 3938 886 4001 At
921 3939 1040 4023 ego
1078 3938 1423 4015 nescibam,
1453 3940 1758 4022 quorsum
1793 3947 1864 4002 tu
1898 3937 2050 4002 ires:
2097 3938 2394 4022 ‘paruola
2621 3920 2662 4007 ‘el

796 4030 969 4094 Hine
1005 4033 1101 4093 est
1136 4030 1427 4115 abrepta3
1465 4032 1684 4095 eduxit
1714 4043 1918 4097 mater
1951 4033 2065 4117 pro
2103 4053 2220 4094 sua
2230 4055 2249 4108 3
2660 4036 2661 4059 ³

798 4122 993 4187 Soror
1026 4117 1251 4187 dictast
1260 4147 1280 4199 3
1317 4124 1503 4209 cupio
1539 4123 1874 4202 abducere,
1912 4136 1982 4189 ut
2017 4124 2283 4190 reddam
2320 4125 2510 4191 suis':
