<?xml version="1.0" encoding="UTF-8"?>
<!DOCTYPE html PUBLIC "-//W3C//DTD XHTML 1.0 Transitional//EN"
    "http://www.w3.org/TR/xhtml1/DTD/xhtml1-transitional.dtd">
<html xmlns="http://www.w3.org/1999/xhtml" xml:lang="en" lang="en">
 <head>
  <title>
</title>
<meta http-equiv="Content-Type" content="text/html;charset=utf-8" />
  <meta name='ocr-system' content='tesseract 3.04.00' />
  <meta name='ocr-capabilities' content='ocr_page ocr_carea ocr_par ocr_line ocrx_word'/>
</head>
<body>
  <div class='ocr_page' id='page_1' title='image "./pterentiafricom02dziagoog_0160.png"; bbox 0 0 2725 4650; ppageno 0'>
   <div class='ocr_carea' id='block_1_1' title="bbox 611 300 2629 386">
    <p class='ocr_par' dir='ltr' id='par_1_1' title="bbox 611 300 2629 386">
     <span class='ocr_line' id='line_1_1' title="bbox 611 300 2629 386; baseline -0 -16"><span class='ocrx_word' id='word_1_1' title='bbox 611 304 734 371; x_wconf 85' lang='lat'>112</span> <span class='ocrx_word' id='word_1_2' title='bbox 1367 300 1778 375; x_wconf 69' lang='lat' dir='ltr'>Evacm&#39;rs</span> <span class='ocrx_word' id='word_1_3' title='bbox 2368 360 2372 363; x_wconf 83' lang='lat'><strong>.</strong></span> <span class='ocrx_word' id='word_1_4' title='bbox 2437 315 2517 386; x_wconf 83' lang='grc' dir='ltr'>Π,</span> <span class='ocrx_word' id='word_1_5' title='bbox 2538 317 2584 369; x_wconf 84' lang='lat'>2.</span> <span class='ocrx_word' id='word_1_6' title='bbox 2602 315 2629 369; x_wconf 87' lang='lat'><strong>3</strong></span> 
     </span>
    </p>
   </div>
   <div class='ocr_carea' id='block_1_2' title="bbox 464 437 2671 3616">
    <p class='ocr_par' dir='ltr' id='par_1_2' title="bbox 464 437 2671 3616">
     <span class='ocr_line' id='line_1_2' title="bbox 604 437 2544 522; baseline 0 -18"><span class='ocrx_word' id='word_1_7' title='bbox 604 440 724 505; x_wconf 70' lang='grc' dir='ltr'>ΡΑ.</span> <span class='ocrx_word' id='word_1_8' title='bbox 770 439 1126 522; x_wconf 76' lang='lat' dir='ltr'>Quidum?</span> <span class='ocrx_word' id='word_1_9' title='bbox 1212 438 1337 507; x_wconf 67' lang='lat' dir='ltr'>Gn.</span> <span class='ocrx_word' id='word_1_10' title='bbox 1398 437 1569 521; x_wconf 82' lang='lat' dir='ltr'>Quia</span> <span class='ocrx_word' id='word_1_11' title='bbox 1603 438 1839 504; x_wconf 85' lang='lat' dir='ltr'>tristi’s.</span> <span class='ocrx_word' id='word_1_12' title='bbox 1923 438 2045 503; x_wconf 70' lang='grc' dir='ltr'>ΡΑ.</span> <span class='ocrx_word' id='word_1_13' title='bbox 2106 437 2217 503; x_wconf 81' lang='lat' dir='ltr'>Nil</span> <span class='ocrx_word' id='word_1_14' title='bbox 2263 437 2544 522; x_wconf 89' lang='lat' dir='ltr'>quidem.</span> 
     </span>
     <span class='ocr_line' id='line_1_3' title="bbox 1448 531 2510 617; baseline -0.005 -17"><span class='ocrx_word' id='word_1_15' title='bbox 1448 532 1575 600; x_wconf 68' lang='lat' dir='ltr'>Gn.</span> <span class='ocrx_word' id='word_1_16' title='bbox 1619 534 1721 599; x_wconf 87' lang='lat' dir='ltr'>Ne</span> <span class='ocrx_word' id='word_1_17' title='bbox 1756 536 1869 610; x_wconf 81' lang='lat' dir='ltr'>sis;</span> <span class='ocrx_word' id='word_1_18' title='bbox 1907 532 2021 597; x_wconf 88' lang='lat' dir='ltr'>sed</span> <span class='ocrx_word' id='word_1_19' title='bbox 2054 532 2212 617; x_wconf 86' lang='lat' dir='ltr'>quid</span> <span class='ocrx_word' id='word_1_20' title='bbox 2246 531 2510 596; x_wconf 71' lang='lat' dir='ltr'>uidetur</span> 
     </span>
     <span class='ocr_line' id='line_1_4' title="bbox 771 624 2544 712; baseline -0.002 -20"><span class='ocrx_word' id='word_1_21' title='bbox 771 629 918 693; x_wconf 84' lang='lat' dir='ltr'>Hoc</span> <span class='ocrx_word' id='word_1_22' title='bbox 962 626 1076 691; x_wconf 78' lang='lat' dir='ltr'>tibi</span> <span class='ocrx_word' id='word_1_23' title='bbox 1118 625 1561 712; x_wconf 83' lang='lat' dir='ltr'>mancupium?</span> <span class='ocrx_word' id='word_1_24' title='bbox 1643 626 1765 691; x_wconf 71' lang='grc' dir='ltr'>ΡΑ.</span> <span class='ocrx_word' id='word_1_25' title='bbox 1825 626 1891 690; x_wconf 83' lang='lat' dir='ltr'>N</span> <span class='ocrx_word' id='word_1_26' title='bbox 1890 627 1975 691; x_wconf 76' lang='lat' dir='ltr'>dn</span> <span class='ocrx_word' id='word_1_27' title='bbox 2017 626 2261 694; x_wconf 88' lang='lat' dir='ltr'>malum</span> <span class='ocrx_word' id='word_1_28' title='bbox 2308 624 2544 691; x_wconf 72' lang='lat' dir='ltr'>hercle.</span> 
     </span>
     <span class='ocr_line' id='line_1_5' title="bbox 1454 718 2671 787; baseline -0.005 0"><span class='ocrx_word' id='word_1_29' title='bbox 1454 718 1722 787; x_wconf 69' lang='lat' dir='ltr'>Gn.Vro</span> <span class='ocrx_word' id='word_1_30' title='bbox 1740 718 2079 785; x_wconf 79' lang='lat' dir='ltr'>hominem.</span> <span class='ocrx_word' id='word_1_31' title='bbox 2108 719 2328 787; x_wconf 64' lang='lat' dir='ltr'>PANt</span> <span class='ocrx_word' id='word_1_32' title='bbox 2347 718 2547 783; x_wconf 85' lang='lat' dir='ltr'>falsus</span> <span class='ocrx_word' id='word_1_33' title='bbox 2668 772 2671 775; x_wconf 90' lang='lat'><strong>.</strong></span> 
     </span>
     <span class='ocr_line' id='line_1_6' title="bbox 1448 813 1719 877; baseline 0 0"><span class='ocrx_word' id='word_1_34' title='bbox 1448 813 1719 877; x_wconf 75' lang='lat' dir='ltr'>animist.</span> 
     </span>
     <span class='ocr_line' id='line_1_7' title="bbox 467 903 2547 993; baseline 0 -26"><span class='ocrx_word' id='word_1_35' title='bbox 467 913 572 969; x_wconf 80' lang='lat'>275</span> <span class='ocrx_word' id='word_1_36' title='bbox 608 905 733 974; x_wconf 70' lang='lat' dir='ltr'>Gn.</span> <span class='ocrx_word' id='word_1_37' title='bbox 778 903 991 988; x_wconf 84' lang='lat' dir='ltr'>Quam</span> <span class='ocrx_word' id='word_1_38' title='bbox 1033 906 1154 985; x_wconf 78' lang='lat' dir='ltr'>hoe</span> <span class='ocrx_word' id='word_1_39' title='bbox 1197 906 1428 972; x_wconf 66' lang='lat' dir='ltr'>mimus</span> <span class='ocrx_word' id='word_1_40' title='bbox 1462 915 1714 993; x_wconf 86' lang='lat' dir='ltr'>gratum</span> <span class='ocrx_word' id='word_1_41' title='bbox 1748 905 1982 970; x_wconf 67' lang='lat' dir='ltr'>Thaidi</span> <span class='ocrx_word' id='word_1_42' title='bbox 2018 905 2329 971; x_wconf 74' lang='lat' dir='ltr'>arbitrare</span> <span class='ocrx_word' id='word_1_43' title='bbox 2367 905 2547 971; x_wconf 79' lang='lat' dir='ltr'>esse?</span> 
     </span>
     <span class='ocr_line' id='line_1_8' title="bbox 581 996 2153 1065; baseline -0.001 1"><span class='ocrx_word' id='word_1_44' title='bbox 581 996 590 1000; x_wconf 72' lang='grc'><strong>’</strong></span> <span class='ocrx_word' id='word_1_45' title='bbox 1445 999 1565 1064; x_wconf 69' lang='grc' dir='ltr'>ΡΑ.</span> <span class='ocrx_word' id='word_1_46' title='bbox 1610 1001 1757 1065; x_wconf 85' lang='lat' dir='ltr'>Hoo</span> <span class='ocrx_word' id='word_1_47' title='bbox 1790 1021 1961 1064; x_wconf 86' lang='lat' dir='ltr'>nuno</span> <span class='ocrx_word' id='word_1_48' title='bbox 1997 1000 2153 1064; x_wconf 71' lang='lat' dir='ltr'>dinis</span> 
     </span>
     <span class='ocr_line' id='line_1_9' title="bbox 771 1092 2613 1171; baseline -0.002 -11"><span class='ocrx_word' id='word_1_49' title='bbox 771 1094 1026 1160; x_wconf 73' lang='lat' dir='ltr'>Eiectos</span> <span class='ocrx_word' id='word_1_50' title='bbox 1073 1094 1219 1160; x_wconf 84' lang='lat' dir='ltr'>hine</span> <span class='ocrx_word' id='word_1_51' title='bbox 1260 1118 1407 1160; x_wconf 81' lang='lat' dir='ltr'>nos:</span> <span class='ocrx_word' id='word_1_52' title='bbox 1461 1094 1743 1159; x_wconf 79' lang='lat' dir='ltr'>omnium</span> <span class='ocrx_word' id='word_1_53' title='bbox 1786 1116 2017 1171; x_wconf 87' lang='lat' dir='ltr'>rerum,</span> <span class='ocrx_word' id='word_1_54' title='bbox 2063 1094 2246 1171; x_wconf 76' lang='lat' dir='ltr'>heus,</span> <span class='ocrx_word' id='word_1_55' title='bbox 2292 1092 2546 1159; x_wconf 82' lang='lat' dir='ltr'>uieissi·</span> <span class='ocrx_word' id='word_1_56' title='bbox 2568 1109 2613 1149; x_wconf 74' lang='lat'>45</span> 
     </span>
     <span class='ocr_line' id='line_1_10' title="bbox 1444 1188 1677 1254; baseline 0 -2"><span class='ocrx_word' id='word_1_57' title='bbox 1444 1188 1677 1254; x_wconf 77' lang='lat' dir='ltr'>tudost.</span> 
     </span>
     <span class='ocr_line' id='line_1_11' title="bbox 604 1281 2545 1367; baseline -0.003 -18"><span class='ocrx_word' id='word_1_58' title='bbox 604 1281 728 1349; x_wconf 67' lang='lat' dir='ltr'>Gn.</span> <span class='ocrx_word' id='word_1_59' title='bbox 775 1281 906 1349; x_wconf 81' lang='lat' dir='ltr'>Sex</span> <span class='ocrx_word' id='word_1_60' title='bbox 941 1284 1062 1367; x_wconf 72' lang='lat' dir='ltr'>ego</span> <span class='ocrx_word' id='word_1_61' title='bbox 1096 1296 1159 1348; x_wconf 85' lang='lat' dir='ltr'>te</span> <span class='ocrx_word' id='word_1_62' title='bbox 1193 1293 1380 1361; x_wconf 86' lang='lat' dir='ltr'>totos,</span> <span class='ocrx_word' id='word_1_63' title='bbox 1425 1282 1762 1360; x_wconf 71' lang='lat' dir='ltr'>Parmeno,</span> <span class='ocrx_word' id='word_1_64' title='bbox 1808 1282 1924 1347; x_wconf 89' lang='lat' dir='ltr'>hos</span> <span class='ocrx_word' id='word_1_65' title='bbox 1968 1284 2203 1349; x_wconf 78' lang='lat' dir='ltr'>mensis</span> <span class='ocrx_word' id='word_1_66' title='bbox 2250 1281 2545 1366; x_wconf 88' lang='lat' dir='ltr'>quietum</span> 
     </span>
     <span class='ocr_line' id='line_1_12' title="bbox 1446 1375 1727 1451; baseline 0.007 -12"><span class='ocrx_word' id='word_1_67' title='bbox 1446 1375 1727 1451; x_wconf 75' lang='lat' dir='ltr'>reddam,</span> 
     </span>
     <span class='ocr_line' id='line_1_13' title="bbox 769 1468 2545 1553; baseline -0.002 -19"><span class='ocrx_word' id='word_1_68' title='bbox 769 1469 870 1535; x_wconf 85' lang='lat' dir='ltr'>Ne</span> <span class='ocrx_word' id='word_1_69' title='bbox 905 1470 1150 1535; x_wconf 75' lang='lat' dir='ltr'>sursum</span> <span class='ocrx_word' id='word_1_70' title='bbox 1188 1468 1483 1533; x_wconf 85' lang='lat' dir='ltr'>deorsum</span> <span class='ocrx_word' id='word_1_71' title='bbox 1509 1469 1769 1533; x_wconf 75' lang='lat' dir='ltr'>cursites</span> <span class='ocrx_word' id='word_1_72' title='bbox 1796 1490 1963 1534; x_wconf 89' lang='lat' dir='ltr'>neue</span> <span class='ocrx_word' id='word_1_73' title='bbox 1989 1470 2193 1553; x_wconf 75' lang='lat' dir='ltr'>usque</span> <span class='ocrx_word' id='word_1_74' title='bbox 2218 1468 2305 1533; x_wconf 86' lang='lat' dir='ltr'>ad</span> <span class='ocrx_word' id='word_1_75' title='bbox 2328 1468 2545 1533; x_wconf 82' lang='lat' dir='ltr'>lueem</span> 
     </span>
     <span class='ocr_line' id='line_1_14' title="bbox 1442 1556 2369 1647; baseline 0 -21"><span class='ocrx_word' id='word_1_76' title='bbox 1442 1562 1688 1647; x_wconf 76' lang='lat' dir='ltr'>uigiles,</span> <span class='ocrx_word' id='word_1_77' title='bbox 2342 1556 2369 1581; x_wconf 77' lang='lat'><em>⁶</em></span> 
     </span>
     <span class='ocr_line' id='line_1_15' title="bbox 768 1652 2543 1740; baseline -0.002 -20"><span class='ocrx_word' id='word_1_78' title='bbox 768 1654 1020 1739; x_wconf 83' lang='lat' dir='ltr'><strong>Ecquid</strong></span> <span class='ocrx_word' id='word_1_79' title='bbox 1053 1656 1171 1719; x_wconf 89' lang='lat' dir='ltr'>beo</span> <span class='ocrx_word' id='word_1_80' title='bbox 1207 1655 1308 1721; x_wconf 85' lang='lat' dir='ltr'>te?</span> <span class='ocrx_word' id='word_1_81' title='bbox 1368 1655 1487 1719; x_wconf 71' lang='grc' dir='ltr'>ΡΑ.</span> <span class='ocrx_word' id='word_1_82' title='bbox 1524 1655 1723 1719; x_wconf 73' lang='lat' dir='ltr'>Men?</span> <span class='ocrx_word' id='word_1_83' title='bbox 1757 1677 1981 1740; x_wconf 87' lang='lat' dir='ltr'>papae.</span> <span class='ocrx_word' id='word_1_84' title='bbox 2050 1652 2177 1718; x_wconf 88' lang='lat' dir='ltr'>Gn.</span> <span class='ocrx_word' id='word_1_85' title='bbox 2218 1654 2329 1720; x_wconf 81' lang='lat' dir='ltr'>Sic</span> <span class='ocrx_word' id='word_1_86' title='bbox 2364 1654 2543 1719; x_wconf 79' lang='lat' dir='ltr'>soleo</span> 
     </span>
     <span class='ocr_line' id='line_1_16' title="bbox 725 1744 2211 1813; baseline -0.001 0"><span class='ocrx_word' id='word_1_87' title='bbox 725 1744 731 1751; x_wconf 77' lang='grc'><strong>’</strong></span> <span class='ocrx_word' id='word_1_88' title='bbox 1446 1748 1699 1813; x_wconf 82' lang='lat' dir='ltr'>amieos.</span> <span class='ocrx_word' id='word_1_89' title='bbox 1786 1747 1906 1811; x_wconf 70' lang='grc' dir='ltr'>ΡΑ.</span> <span class='ocrx_word' id='word_1_90' title='bbox 1960 1748 2211 1811; x_wconf 78' lang='lat' dir='ltr'>Laudo.</span> 
     </span>
     <span class='ocr_line' id='line_1_17' title="bbox 465 1841 2371 1928; baseline 0.001 -24"><span class='ocrx_word' id='word_1_91' title='bbox 465 1850 568 1905; x_wconf 84' lang='lat'>280</span> <span class='ocrx_word' id='word_1_92' title='bbox 603 1842 728 1908; x_wconf 79' lang='lat' dir='ltr'>Gn.</span> <span class='ocrx_word' id='word_1_93' title='bbox 772 1841 1046 1907; x_wconf 82' lang='lat' dir='ltr'>Detineo</span> <span class='ocrx_word' id='word_1_94' title='bbox 1081 1852 1175 1907; x_wconf 84' lang='lat' dir='ltr'>te:</span> <span class='ocrx_word' id='word_1_95' title='bbox 1212 1841 1479 1907; x_wconf 71' lang='lat' dir='ltr'>fortasse</span> <span class='ocrx_word' id='word_1_96' title='bbox 1514 1853 1585 1907; x_wconf 83' lang='lat' dir='ltr'>tu</span> <span class='ocrx_word' id='word_1_97' title='bbox 1619 1841 1941 1928; x_wconf 70' lang='lat' dir='ltr'>profectus</span> <span class='ocrx_word' id='word_1_98' title='bbox 1978 1842 2101 1905; x_wconf 87' lang='lat' dir='ltr'>alio</span> <span class='ocrx_word' id='word_1_99' title='bbox 2136 1841 2371 1907; x_wconf 73' lang='lat' dir='ltr'>fueras.</span> 
     </span>
     <span class='ocr_line' id='line_1_18' title="bbox 599 1933 2613 2021; baseline -0.002 -20"><span class='ocrx_word' id='word_1_100' title='bbox 599 1936 720 2003; x_wconf 71' lang='grc' dir='ltr'>ΡΑ.</span> <span class='ocrx_word' id='word_1_101' title='bbox 763 1936 1118 2019; x_wconf 73' lang='lat' dir='ltr'>Nusquam.</span> <span class='ocrx_word' id='word_1_102' title='bbox 1205 1933 1332 2002; x_wconf 71' lang='lat' dir='ltr'>Gn.</span> <span class='ocrx_word' id='word_1_103' title='bbox 1388 1936 1557 1999; x_wconf 88' lang='lat' dir='ltr'>Tum</span> <span class='ocrx_word' id='word_1_104' title='bbox 1592 1946 1665 1999; x_wconf 87' lang='lat' dir='ltr'>tu</span> <span class='ocrx_word' id='word_1_105' title='bbox 1706 1935 1907 2021; x_wconf 85' lang='lat' dir='ltr'>igitur</span> <span class='ocrx_word' id='word_1_106' title='bbox 1945 1934 2276 2020; x_wconf 72' lang='lat' dir='ltr'>paululum</span> <span class='ocrx_word' id='word_1_107' title='bbox 2320 1935 2404 1998; x_wconf 89' lang='lat' dir='ltr'>da</span> <span class='ocrx_word' id='word_1_108' title='bbox 2447 1934 2543 1999; x_wconf 90' lang='lat' dir='ltr'>mi</span> <span class='ocrx_word' id='word_1_109' title='bbox 2567 1952 2613 1993; x_wconf 74' lang='grc' dir='ltr'><em>ω</em></span> 
     </span>
     <span class='ocr_line' id='line_1_19' title="bbox 1444 2027 2288 2115; baseline -0.001 -22"><span class='ocrx_word' id='word_1_110' title='bbox 1444 2030 1702 2115; x_wconf 79' lang='lat' dir='ltr'>operae:</span> <span class='ocrx_word' id='word_1_111' title='bbox 1746 2027 1851 2093; x_wconf 85' lang='lat' dir='ltr'>fae</span> <span class='ocrx_word' id='word_1_112' title='bbox 1882 2038 1956 2093; x_wconf 85' lang='lat' dir='ltr'>ut</span> <span class='ocrx_word' id='word_1_113' title='bbox 1991 2028 2288 2093; x_wconf 78' lang='lat' dir='ltr'>admittar</span> 
     </span>
     <span class='ocr_line' id='line_1_20' title="bbox 769 2102 2545 2207; baseline -0.001 -19"><span class='ocrx_word' id='word_1_114' title='bbox 769 2124 879 2188; x_wconf 86' lang='lat' dir='ltr'>Ad</span> <span class='ocrx_word' id='word_1_115' title='bbox 930 2121 1122 2188; x_wconf 83' lang='lat' dir='ltr'>illam.</span> <span class='ocrx_word' id='word_1_116' title='bbox 1209 2121 1328 2187; x_wconf 73' lang='grc' dir='ltr'>ΡΑ.</span> <span class='ocrx_word' id='word_1_117' title='bbox 1384 2102 1534 2207; x_wconf 75' lang='lat' dir='ltr'>Age</span> <span class='ocrx_word' id='word_1_118' title='bbox 1576 2122 1787 2199; x_wconf 86' lang='lat' dir='ltr'>modo,</span> <span class='ocrx_word' id='word_1_119' title='bbox 1831 2121 1883 2186; x_wconf 84' lang='lat' dir='ltr'>i:</span> <span class='ocrx_word' id='word_1_120' title='bbox 1935 2143 2107 2188; x_wconf 86' lang='lat' dir='ltr'>nuno</span> <span class='ocrx_word' id='word_1_121' title='bbox 2158 2122 2273 2185; x_wconf 78' lang='lat' dir='ltr'>tibi</span> <span class='ocrx_word' id='word_1_122' title='bbox 2314 2132 2545 2207; x_wconf 85' lang='lat' dir='ltr'>patent</span> 
     </span>
     <span class='ocr_line' id='line_1_21' title="bbox 1441 2214 2467 2299; baseline 0 -20"><span class='ocrx_word' id='word_1_123' title='bbox 1441 2214 1613 2281; x_wconf 83' lang='lat' dir='ltr'>fores</span> <span class='ocrx_word' id='word_1_124' title='bbox 1648 2214 1821 2292; x_wconf 74' lang='lat' dir='ltr'>haec,</span> <span class='ocrx_word' id='word_1_125' title='bbox 1858 2216 2009 2299; x_wconf 87' lang='lat' dir='ltr'>quia</span> <span class='ocrx_word' id='word_1_126' title='bbox 2041 2216 2226 2279; x_wconf 87' lang='lat' dir='ltr'>istam</span> <span class='ocrx_word' id='word_1_127' title='bbox 2264 2215 2467 2281; x_wconf 76' lang='lat' dir='ltr'>ducis.</span> 
     </span>
     <span class='ocr_line' id='line_1_22' title="bbox 603 2306 2536 2393; baseline -0.002 -14"><span class='ocrx_word' id='word_1_128' title='bbox 603 2308 726 2379; x_wconf 67' lang='lat' dir='ltr'>Gn.</span> <span class='ocrx_word' id='word_1_129' title='bbox 769 2309 942 2375; x_wconf 91' lang='lat' dir='ltr'>Num</span> <span class='ocrx_word' id='word_1_130' title='bbox 995 2330 1186 2393; x_wconf 89' lang='lat' dir='ltr'>quem</span> <span class='ocrx_word' id='word_1_131' title='bbox 1237 2309 1492 2374; x_wconf 69' lang='lat' dir='ltr'>euocari</span> <span class='ocrx_word' id='word_1_132' title='bbox 1542 2308 1692 2375; x_wconf 86' lang='lat' dir='ltr'>hino</span> <span class='ocrx_word' id='word_1_133' title='bbox 1742 2310 1843 2374; x_wconf 77' lang='lat' dir='ltr'>uis</span> <span class='ocrx_word' id='word_1_134' title='bbox 1893 2307 2104 2374; x_wconf 78' lang='lat' dir='ltr'>foras?</span> <span class='ocrx_word' id='word_1_135' title='bbox 2198 2308 2319 2375; x_wconf 75' lang='grc' dir='ltr'>ΡΑ.</span> <span class='ocrx_word' id='word_1_136' title='bbox 2377 2306 2536 2376; x_wconf 87' lang='lat' dir='ltr'>Sine</span> 
     </span>
     <span class='ocr_line' id='line_1_23' title="bbox 1442 2405 2549 2491; baseline 0.003 -20"><span class='ocrx_word' id='word_1_137' title='bbox 1442 2405 1705 2472; x_wconf 81' lang='lat' dir='ltr'><strong>biduom</strong></span> <span class='ocrx_word' id='word_1_138' title='bbox 1737 2405 1859 2470; x_wconf 89' lang='lat' dir='ltr'>hoo</span> <span class='ocrx_word' id='word_1_139' title='bbox 1891 2407 2275 2491; x_wconf 69' lang='lat' dir='ltr'>praetereat:</span> <span class='ocrx_word' id='word_1_140' title='bbox 2544 2470 2549 2474; x_wconf 80' lang='grc'><strong>,</strong></span> 
     </span>
     <span class='ocr_line' id='line_1_24' title="bbox 769 2498 2536 2584; baseline 0.001 -19"><span class='ocrx_word' id='word_1_141' title='bbox 769 2498 902 2581; x_wconf 84' lang='lat' dir='ltr'>Qui</span> <span class='ocrx_word' id='word_1_142' title='bbox 927 2499 1080 2564; x_wconf 84' lang='lat' dir='ltr'>mihi</span> <span class='ocrx_word' id='word_1_143' title='bbox 1105 2521 1275 2564; x_wconf 85' lang='lat' dir='ltr'>nuno</span> <span class='ocrx_word' id='word_1_144' title='bbox 1299 2521 1429 2564; x_wconf 93' lang='lat' dir='ltr'>uno</span> <span class='ocrx_word' id='word_1_145' title='bbox 1456 2499 1723 2584; x_wconf 78' lang='lat' dir='ltr'>digitulo</span> <span class='ocrx_word' id='word_1_146' title='bbox 1741 2499 1907 2564; x_wconf 85' lang='lat' dir='ltr'>fores</span> <span class='ocrx_word' id='word_1_147' title='bbox 1925 2499 2133 2584; x_wconf 70' lang='lat' dir='ltr'>aperis</span> <span class='ocrx_word' id='word_1_148' title='bbox 2152 2499 2536 2578; x_wconf 69' lang='lat' dir='ltr'>fortunatus,</span> 
     </span>
     <span class='ocr_line' id='line_1_25' title="bbox 464 2592 2534 2679; baseline -0.001 -16"><span class='ocrx_word' id='word_1_149' title='bbox 464 2607 568 2663; x_wconf 84' lang='lat'>285</span> <span class='ocrx_word' id='word_1_150' title='bbox 767 2593 868 2659; x_wconf 89' lang='lat' dir='ltr'>Ne</span> <span class='ocrx_word' id='word_1_151' title='bbox 904 2604 975 2658; x_wconf 88' lang='lat' dir='ltr'>tu</span> <span class='ocrx_word' id='word_1_152' title='bbox 1007 2596 1160 2658; x_wconf 83' lang='lat' dir='ltr'>istas</span> <span class='ocrx_word' id='word_1_153' title='bbox 1186 2592 1337 2658; x_wconf 84' lang='lat' dir='ltr'>faxo</span> <span class='ocrx_word' id='word_1_154' title='bbox 1374 2593 1652 2659; x_wconf 78' lang='lat' dir='ltr'>calcibus</span> <span class='ocrx_word' id='word_1_155' title='bbox 1688 2615 1879 2679; x_wconf 82' lang='lat' dir='ltr'><strong>saepe</strong></span> <span class='ocrx_word' id='word_1_156' title='bbox 1911 2593 2247 2659; x_wconf 72' lang='lat' dir='ltr'>insultabis</span> <span class='ocrx_word' id='word_1_157' title='bbox 2277 2593 2534 2660; x_wconf 74' lang='lat' dir='ltr'>frustra.</span> 
     </span>
     <span class='ocr_line' id='line_1_26' title="bbox 579 2685 2606 2774; baseline 0 -20"><span class='ocrx_word' id='word_1_158' title='bbox 579 2685 727 2755; x_wconf 61' lang='grc' dir='ltr'>(ΞΝ.</span> <span class='ocrx_word' id='word_1_159' title='bbox 763 2687 984 2752; x_wconf 70' lang='lat' dir='ltr'>&#39;Etiam</span> <span class='ocrx_word' id='word_1_160' title='bbox 1033 2708 1204 2752; x_wconf 87' lang='lat' dir='ltr'>nuno</span> <span class='ocrx_word' id='word_1_161' title='bbox 1254 2699 1324 2752; x_wconf 83' lang='lat' dir='ltr'>tu</span> <span class='ocrx_word' id='word_1_162' title='bbox 1376 2686 1480 2752; x_wconf 87' lang='lat' dir='ltr'>hio</span> <span class='ocrx_word' id='word_1_163' title='bbox 1532 2698 1683 2765; x_wconf 85' lang='lat' dir='ltr'>stas,</span> <span class='ocrx_word' id='word_1_164' title='bbox 1735 2688 2095 2755; x_wconf 75' lang='lat' dir='ltr'>Parmeno?</span> <span class='ocrx_word' id='word_1_165' title='bbox 2142 2685 2319 2774; x_wconf 91' lang='lat' dir='ltr'>[eho]</span> <span class='ocrx_word' id='word_1_166' title='bbox 2376 2712 2537 2754; x_wconf 88' lang='lat' dir='ltr'>num</span> <span class='ocrx_word' id='word_1_167' title='bbox 2560 2705 2606 2746; x_wconf 82' lang='lat'>⁵⁵</span> 
     </span>
     <span class='ocr_line' id='line_1_27' title="bbox 1442 2781 2307 2858; baseline 0.002 -14"><span class='ocrx_word' id='word_1_168' title='bbox 1442 2803 1591 2845; x_wconf 87' lang='lat' dir='ltr'>nam</span> <span class='ocrx_word' id='word_1_169' title='bbox 1626 2781 1728 2846; x_wconf 80' lang='lat' dir='ltr'>hie</span> <span class='ocrx_word' id='word_1_170' title='bbox 1760 2781 2035 2846; x_wconf 84' lang='lat' dir='ltr'>relietu&#39;s</span> <span class='ocrx_word' id='word_1_171' title='bbox 2073 2782 2307 2858; x_wconf 80' lang='lat' dir='ltr'>custos,</span> 
     </span>
     <span class='ocr_line' id='line_1_28' title="bbox 768 2873 2535 2958; baseline 0.001 -18"><span class='ocrx_word' id='word_1_172' title='bbox 768 2874 868 2940; x_wconf 88' lang='lat' dir='ltr'>Ne</span> <span class='ocrx_word' id='word_1_173' title='bbox 903 2875 1044 2958; x_wconf 82' lang='lat' dir='ltr'>quis</span> <span class='ocrx_word' id='word_1_174' title='bbox 1076 2873 1239 2940; x_wconf 88' lang='lat' dir='ltr'>forte</span> <span class='ocrx_word' id='word_1_175' title='bbox 1273 2873 1694 2940; x_wconf 75' lang='lat' dir='ltr'>internuntius</span> <span class='ocrx_word' id='word_1_176' title='bbox 1722 2874 1885 2940; x_wconf 86' lang='lat' dir='ltr'>olam</span> <span class='ocrx_word' id='word_1_177' title='bbox 1921 2897 1961 2938; x_wconf 87' lang='lat' dir='ltr'>a</span> <span class='ocrx_word' id='word_1_178' title='bbox 1993 2874 2189 2941; x_wconf 75' lang='lat' dir='ltr'>milite</span> <span class='ocrx_word' id='word_1_179' title='bbox 2225 2876 2310 2941; x_wconf 85' lang='lat' dir='ltr'>ad</span> <span class='ocrx_word' id='word_1_180' title='bbox 2344 2875 2535 2942; x_wconf 84' lang='lat' dir='ltr'>istam</span> 
     </span>
     <span class='ocr_line' id='line_1_29' title="bbox 1446 2969 1689 3033; baseline -0.012 0"><span class='ocrx_word' id='word_1_181' title='bbox 1446 2969 1689 3033; x_wconf 76' lang='lat' dir='ltr'>eurset?</span> 
     </span>
     <span class='ocr_line' id='line_1_30' title="bbox 601 3059 2536 3148; baseline 0.001 -22"><span class='ocrx_word' id='word_1_182' title='bbox 601 3061 719 3127; x_wconf 70' lang='grc' dir='ltr'>ΡΑ.</span> <span class='ocrx_word' id='word_1_183' title='bbox 759 3063 995 3127; x_wconf 70' lang='lat' dir='ltr'>Facete</span> <span class='ocrx_word' id='word_1_184' title='bbox 1029 3060 1296 3126; x_wconf 81' lang='lat' dir='ltr'>dictum:</span> <span class='ocrx_word' id='word_1_185' title='bbox 1331 3063 1493 3126; x_wconf 80' lang='lat' dir='ltr'>mira</span> <span class='ocrx_word' id='word_1_186' title='bbox 1525 3083 1679 3128; x_wconf 88' lang='lat' dir='ltr'>uero</span> <span class='ocrx_word' id='word_1_187' title='bbox 1712 3059 1895 3126; x_wconf 74' lang='lat' dir='ltr'>militi</span> <span class='ocrx_word' id='word_1_188' title='bbox 1920 3083 2087 3146; x_wconf 89' lang='lat' dir='ltr'>quae</span> <span class='ocrx_word' id='word_1_189' title='bbox 2112 3062 2427 3148; x_wconf 71' lang='lat' dir='ltr'>placeant.</span> <span class='ocrx_word' id='word_1_190' title='bbox 2446 3101 2536 3113; x_wconf 95' lang='lat'><strong>—</strong></span> 
     </span>
     <span class='ocr_line' id='line_1_31' title="bbox 770 3155 2481 3224; baseline 0.002 -4"><span class='ocrx_word' id='word_1_191' title='bbox 770 3155 902 3220; x_wconf 88' lang='lat' dir='ltr'>Sed</span> <span class='ocrx_word' id='word_1_192' title='bbox 937 3155 1124 3221; x_wconf 71' lang='lat' dir='ltr'>uideo</span> <span class='ocrx_word' id='word_1_193' title='bbox 1159 3156 1375 3222; x_wconf 87' lang='lat' dir='ltr'>erilem</span> <span class='ocrx_word' id='word_1_194' title='bbox 1410 3155 1616 3220; x_wconf 83' lang='lat' dir='ltr'>filium</span> <span class='ocrx_word' id='word_1_195' title='bbox 1651 3155 1958 3220; x_wconf 79' lang='lat' dir='ltr'>minorem</span> <span class='ocrx_word' id='word_1_196' title='bbox 1991 3155 2119 3221; x_wconf 87' lang='lat' dir='ltr'>hue</span> <span class='ocrx_word' id='word_1_197' title='bbox 2154 3156 2481 3224; x_wconf 75' lang='lat' dir='ltr'>aduenire.</span> 
     </span>
     <span class='ocr_line' id='line_1_32' title="bbox 464 3248 2533 3332; baseline 0.004 -22"><span class='ocrx_word' id='word_1_198' title='bbox 464 3256 568 3310; x_wconf 85' lang='lat'>290</span> <span class='ocrx_word' id='word_1_199' title='bbox 768 3249 1000 3326; x_wconf 74' lang='lat' dir='ltr'>Miror,</span> <span class='ocrx_word' id='word_1_200' title='bbox 1055 3248 1210 3332; x_wconf 87' lang='lat' dir='ltr'>quid</span> <span class='ocrx_word' id='word_1_201' title='bbox 1262 3271 1341 3315; x_wconf 84' lang='lat' dir='ltr'>ex</span> <span class='ocrx_word' id='word_1_202' title='bbox 1392 3249 1622 3316; x_wconf 83' lang='lat' dir='ltr'>Piraeo</span> <span class='ocrx_word' id='word_1_203' title='bbox 1672 3249 1895 3314; x_wconf 75' lang='lat' dir='ltr'>abierit</span> <span class='ocrx_word' id='word_1_204' title='bbox 1906 3274 1924 3326; x_wconf 93' lang='lat'>;</span> <span class='ocrx_word' id='word_1_205' title='bbox 1976 3271 2126 3314; x_wconf 84' lang='lat' dir='ltr'>nam</span> <span class='ocrx_word' id='word_1_206' title='bbox 2176 3249 2268 3314; x_wconf 89' lang='lat' dir='ltr'>ibi</span> <span class='ocrx_word' id='word_1_207' title='bbox 2320 3251 2533 3318; x_wconf 72' lang='lat' dir='ltr'>eustos</span> 
     </span>
     <span class='ocr_line' id='line_1_33' title="bbox 1441 3343 2043 3429; baseline 0.003 -22"><span class='ocrx_word' id='word_1_208' title='bbox 1441 3343 1694 3429; x_wconf 77' lang='lat' dir='ltr'>publice</span> <span class='ocrx_word' id='word_1_209' title='bbox 1728 3345 1825 3408; x_wconf 70' lang='lat' dir='ltr'>est</span> <span class='ocrx_word' id='word_1_210' title='bbox 1855 3364 2043 3409; x_wconf 86' lang='lat' dir='ltr'>nuno.</span> 
     </span>
     <span class='ocr_line' id='line_1_34' title="bbox 764 3436 2601 3525; baseline -0.002 -23"><span class='ocrx_word' id='word_1_211' title='bbox 764 3436 913 3503; x_wconf 86' lang='lat' dir='ltr'>Non</span> <span class='ocrx_word' id='word_1_212' title='bbox 963 3437 1283 3514; x_wconf 67' lang='lat' dir='ltr'>temerest3</span> <span class='ocrx_word' id='word_1_213' title='bbox 1336 3446 1399 3503; x_wconf 89' lang='lat' dir='ltr'>et</span> <span class='ocrx_word' id='word_1_214' title='bbox 1451 3439 1794 3523; x_wconf 77' lang='lat' dir='ltr'>properans</span> <span class='ocrx_word' id='word_1_215' title='bbox 1844 3437 2049 3503; x_wconf 80' lang='lat' dir='ltr'>uenit:</span> <span class='ocrx_word' id='word_1_216' title='bbox 2110 3439 2324 3504; x_wconf 82' lang='lat' dir='ltr'>neseio</span> <span class='ocrx_word' id='word_1_217' title='bbox 2376 3439 2533 3525; x_wconf 85' lang='lat' dir='ltr'>quid</span> <span class='ocrx_word' id='word_1_218' title='bbox 2557 3459 2601 3498; x_wconf 70' lang='lat' dir='ltr'>oo</span> 
     </span>
     <span class='ocr_line' id='line_1_35' title="bbox 1445 3531 1939 3616; baseline 0 -20"><span class='ocrx_word' id='word_1_219' title='bbox 1445 3531 1939 3616; x_wconf 73' lang='lat' dir='ltr'>circumspectat.</span> 
     </span>
    </p>
   </div>
   <div class='ocr_carea' id='block_1_3' title="bbox 1072 3724 2050 3878">
    <p class='ocr_par' dir='ltr' id='par_1_3' title="bbox 1072 3724 2050 3878">
     <span class='ocr_line' id='line_1_36' title="bbox 1072 3724 2050 3792; baseline 0 -2"><span class='ocrx_word' id='word_1_220' title='bbox 1072 3724 1475 3791; x_wconf 64' lang='lat' dir='ltr'>Cunnnna</span> <span class='ocrx_word' id='word_1_221' title='bbox 1643 3725 2050 3792; x_wconf 72' lang='lat' dir='ltr'>PARMnuo</span> 
     </span>
     <span class='ocr_line' id='line_1_37' title="bbox 1080 3830 1960 3878; baseline 0 -4"><span class='ocrx_word' id='word_1_222' title='bbox 1080 3833 1465 3878; x_wconf 72' lang='lat' dir='ltr'>Annnsonns</span> <span class='ocrx_word' id='word_1_223' title='bbox 1736 3830 1960 3876; x_wconf 75' lang='lat' dir='ltr'>&#39;snnvos</span> 
     </span>
    </p>
   </div>
   <div class='ocr_carea' id='block_1_4' title="bbox 603 3883 2616 4176">
    <p class='ocr_par' dir='ltr' id='par_1_4' title="bbox 603 3883 2616 4176">
     <span class='ocr_line' id='line_1_38' title="bbox 603 3883 2616 3975; baseline -0.003 -4"><span class='ocrx_word' id='word_1_224' title='bbox 603 3905 721 3972; x_wconf 79' lang='lat' dir='ltr'>Cn.</span> <span class='ocrx_word' id='word_1_225' title='bbox 767 3883 1026 3970; x_wconf 71' lang='lat' dir='ltr'>Occidi!</span> <span class='ocrx_word' id='word_1_226' title='bbox 2520 3923 2575 3975; x_wconf 85' lang='lat' dir='ltr'>n,</span> <span class='ocrx_word' id='word_1_227' title='bbox 2593 3925 2616 3964; x_wconf 78' lang='lat' dir='ltr'>s</span> 
     </span>
     <span class='ocr_line' id='line_1_39' title="bbox 767 3996 2519 4083; baseline 0 -19"><span class='ocrx_word' id='word_1_228' title='bbox 767 3999 988 4081; x_wconf 87' lang='lat' dir='ltr'>Neque</span> <span class='ocrx_word' id='word_1_229' title='bbox 1015 4000 1257 4083; x_wconf 75' lang='lat' dir='ltr'>uirgost</span> <span class='ocrx_word' id='word_1_230' title='bbox 1283 4019 1553 4081; x_wconf 85' lang='lat' dir='ltr'>usquam</span> <span class='ocrx_word' id='word_1_231' title='bbox 1578 3999 1785 4080; x_wconf 75' lang='lat' dir='ltr'>neque</span> <span class='ocrx_word' id='word_1_232' title='bbox 1812 4019 1953 4082; x_wconf 89' lang='lat' dir='ltr'>ego,</span> <span class='ocrx_word' id='word_1_233' title='bbox 1980 3996 2093 4081; x_wconf 91' lang='lat' dir='ltr'>qui</span> <span class='ocrx_word' id='word_1_234' title='bbox 2116 3997 2291 4062; x_wconf 88' lang='lat' dir='ltr'>illam</span> <span class='ocrx_word' id='word_1_235' title='bbox 2320 4021 2359 4063; x_wconf 89' lang='lat' dir='ltr'>a</span> <span class='ocrx_word' id='word_1_236' title='bbox 2375 4001 2519 4064; x_wconf 77' lang='lat' dir='ltr'>oon-</span> 
     </span>
     <span class='ocr_line' id='line_1_40' title="bbox 1442 4091 2071 4176; baseline 0.003 -22"><span class='ocrx_word' id='word_1_237' title='bbox 1442 4101 1660 4176; x_wconf 84' lang='lat' dir='ltr'>speetu</span> <span class='ocrx_word' id='word_1_238' title='bbox 1696 4091 1878 4156; x_wconf 81' lang='lat' dir='ltr'>amisi</span> <span class='ocrx_word' id='word_1_239' title='bbox 1909 4112 2071 4158; x_wconf 90' lang='lat' dir='ltr'>meo.</span> 
     </span>
    </p>
   </div>
  </div>
 </body>
</html>
