2725 4650
104 338 255 394 Prol.
1030 337 1327 400 ANDRIA
2095 321 2140 394 9

848 929 1502 1000 PROLOGVS.

211 1149 423 1217 Poeta
455 1174 647 1237 quom
681 1151 955 1238 primum
990 1153 1270 1218 animum
1305 1153 1390 1218 ad
1433 1152 1834 1220 scribendum
1878 1155 2138 1242 edpulit,

212 1254 299 1316 Id
332 1255 453 1318 sibi
486 1255 703 1341 negoti
737 1254 999 1320 credidit
1032 1256 1238 1332 solum
1271 1254 1429 1332 dari,

211 1355 468 1441 Populo
502 1357 573 1421 ut
605 1357 926 1442 placerent
958 1359 1117 1441 ques
1150 1356 1403 1424 fecisset
1437 1357 1706 1426 febulas.

211 1457 461 1524 Verum
495 1457 673 1524 aliter
706 1460 959 1525 euenIre
993 1460 1191 1524 multo
1224 1459 1528 1547 intellegit
1540 1486 1558 1539 3

154 1577 181 1618 5
214 1559 387 1624 Nam
420 1560 487 1624 in
518 1560 799 1647 prelogis
832 1561 1183 1627 scribundis
1218 1584 1478 1648 operam
1511 1561 1811 1641 abutitur,
2207 1571 2245 1628 5

209 1661 281 1727 N
281 1683 363 1726 on
396 1663 507 1746 qui
540 1663 985 1750 ergumentum
1018 1665 1247 1741 nerret,
1286 1664 1400 1730 sed
1433 1665 1545 1749 qui
1579 1665 1861 1731 maliuoli

211 1765 469 1831 Veteris
502 1771 727 1850 poetae
763 1765 1111 1832 meledictis
1146 1767 1544 1852 respendeat.

204 1866 425 1944 Nunc,
460 1868 651 1951 quem
678 1891 816 1934 rem
842 1868 996 1934 uitio
1021 1868 1191 1946 dent,
1227 1890 1466 1953 quaeso
1493 1869 1775 1936 animum
1801 1867 2138 1936 adtendite.

208 1968 575 2034 Menander
607 1969 759 2035 fecit
788 1950 1105 2038 Andriam
1139 1981 1203 2037 et
1234 1969 1649 2037 Perinthiam.

118 2091 171 2130 ιο
210 2070 351 2152 Qui
385 2072 689 2136 utramuis
724 2084 895 2139 recte
928 2071 1115 2149 uerit,
1152 2073 1373 2138 ambas
1405 2072 1681 2140 neuerit:
2174 2083 2244 2138 10

208 2171 363 2239 Non
397 2174 488 2238 ita
522 2173 807 2240 dissimili
841 2175 988 2240 simt
1022 2185 1417 2261 argumente,
1454 2174 1519 2240 et
1549 2185 1761 2242 tamen

208 2275 525 2341 Dissimili
561 2277 840 2343 oratiene
874 2288 1021 2343 sunt
1054 2276 1259 2344 factae
1294 2277 1370 2343 ec
1404 2276 1564 2343 stilo.

213 2376 409 2461 Quae
448 2379 801 2446 cenuenere
834 2379 903 2445 in
935 2360 1250 2445 Andriam
1285 2403 1368 2446 ex
1399 2380 1729 2446 Perinthia

210 2480 484 2547 Fatetur
517 2483 909 2547 transtulisse
943 2494 1134 2567 atque
1168 2505 1356 2547 usum
1390 2483 1506 2568 pre
1541 2482 1691 2548 suis.

122 2601 178 2642 1⁵
212 2583 296 2647 Id
326 2584 434 2649 isti
469 2584 831 2670 uituperant
862 2584 1102 2649 fectum
1138 2595 1327 2669 atque
1360 2585 1428 2649 in
1465 2606 1540 2651 eo
1576 2584 1896 2670 disputant
2175 2596 2244 2651 15

216 2682 656 2751 Contaminari
686 2687 816 2752 nen
852 2688 1076 2751 decere
1110 2685 1380 2752 febnlas.

211 2788 571 2855 Faciuntne
602 2788 1048 2875 intellegendo,
1084 2800 1155 2854 ut
1187 2789 1278 2853 nil
1310 2787 1718 2874 intellegant?
1887 2870 1895 2879 .

216 2888 349 2971 Qui
382 2912 577 2974 quom
611 2891 781 2957 hunc
815 2901 1135 2968 accusant,
1169 2890 1489 2956 Naeuium
1521 2888 1825 2957 Plautum
1859 2888 2140 2954 Ennium

217 2993 563 3071 Accusant,
598 3014 759 3076 quos
792 2992 897 3059 hic
928 2993 1143 3059 nester
1176 2994 1464 3057 auctores
1498 2990 1711 3069 habet,

122 3113 179 3152 20
220 3092 510 3175 Quorum
544 3092 847 3160 aemulari
881 3094 1138 3180 exeptat
1154 3094 1628 3180 neclegentiam
2171 3106 2243 3160 20

216 3195 438 3261 Potius
473 3218 665 3281 quam
696 3197 961 3261 istorum
995 3196 1329 3261 obscfiram
1365 3195 1774 3282 diligentiam.

215 3295 468 3364 Dehinc
502 3299 572 3363 fit
606 3299 933 3382 quiescant
964 3298 1152 3383 perro
1188 3320 1414 3364 moneo
1450 3309 1512 3363 et
1547 3297 1834 3362 desinant

214 3398 390 3465 Male
426 3400 655 3477 dicere,
690 3399 1025 3465 malefecta
1057 3423 1138 3466 ne
1174 3401 1436 3465 noscent
1471 3422 1606 3465 sua.

215 3500 479 3578 Fauete,
515 3502 730 3568 adeste
764 3523 968 3585 aequo
1003 3494 1214 3567 animo
1250 3513 1313 3567 et
1343 3524 1479 3567 rem
1515 3500 1894 3586 cognescite,
2010 3558 2018 3563 .

122 3621 179 3662 25
215 3604 311 3669 Vt
340 3603 744 3688 pernoscatis,
778 3604 1002 3687 ecquid
1037 3604 1171 3689 spei
1207 3604 1286 3669 sit
1319 3604 1654 3682 relicuom,
2172 3616 2242 3671 25

214 3704 490 3771 Posthec
523 3728 683 3790 quas
718 3705 907 3771 faciet
942 3707 1022 3771 de
1055 3708 1303 3792 integro
1337 3705 1713 3781 comoedias,

216 3804 617 3889 Spectandae
653 3832 734 3873 an
770 3807 1119 3895 exigendae
1154 3807 1279 3873 sint
1312 3807 1496 3873 uobis
1529 3806 1724 3891 prius.
